%YAML 1.1
%TAG !u! tag:unity3d.com,2011:
--- !u!1 &17073794197111949
GameObject:
  m_ObjectHideFlags: 0
  m_CorrespondingSourceObject: {fileID: 0}
  m_PrefabInstance: {fileID: 0}
  m_PrefabAsset: {fileID: 0}
  serializedVersion: 6
  m_Component:
  - component: {fileID: 6480854475410408006}
  m_Layer: 0
  m_Name: CATRigLLegAnkle
  m_TagString: Untagged
  m_Icon: {fileID: 0}
  m_NavMeshLayer: 0
  m_StaticEditorFlags: 0
  m_IsActive: 1
--- !u!4 &6480854475410408006
Transform:
  m_ObjectHideFlags: 0
  m_CorrespondingSourceObject: {fileID: 0}
  m_PrefabInstance: {fileID: 0}
  m_PrefabAsset: {fileID: 0}
  m_GameObject: {fileID: 17073794197111949}
  m_LocalRotation: {x: -0.0050435346, y: 0.0155160315, z: -0.61846596, w: 0.7856422}
  m_LocalPosition: {x: -0.15537071, y: -0.000000019073486, z: 0}
  m_LocalScale: {x: 1.000007, y: 0.999992, z: 1}
  m_Children:
  - {fileID: 6057578534916772676}
  m_Father: {fileID: 5598029928624559741}
  m_RootOrder: 0
  m_LocalEulerAnglesHint: {x: 0, y: 0, z: 0}
--- !u!1 &120199536101296228
GameObject:
  m_ObjectHideFlags: 0
  m_CorrespondingSourceObject: {fileID: 0}
  m_PrefabInstance: {fileID: 0}
  m_PrefabAsset: {fileID: 0}
  serializedVersion: 6
  m_Component:
  - component: {fileID: 3302591957972517549}
  m_Layer: 0
  m_Name: CATRigHub001Bone002Bone001
  m_TagString: Untagged
  m_Icon: {fileID: 0}
  m_NavMeshLayer: 0
  m_StaticEditorFlags: 0
  m_IsActive: 1
--- !u!4 &3302591957972517549
Transform:
  m_ObjectHideFlags: 0
  m_CorrespondingSourceObject: {fileID: 0}
  m_PrefabInstance: {fileID: 0}
  m_PrefabAsset: {fileID: 0}
  m_GameObject: {fileID: 120199536101296228}
  m_LocalRotation: {x: 0.0000000011584094, y: -0.0000000071429604, z: 8.274472e-18,
    w: 1}
  m_LocalPosition: {x: -0.061205518, y: 0, z: -2.1316282e-16}
  m_LocalScale: {x: 1, y: 1, z: 1}
  m_Children:
  - {fileID: 1249058116959506975}
  m_Father: {fileID: 5703156040097671998}
  m_RootOrder: 0
  m_LocalEulerAnglesHint: {x: 0, y: 0, z: 0}
--- !u!1 &236527029164939565
GameObject:
  m_ObjectHideFlags: 0
  m_CorrespondingSourceObject: {fileID: 0}
  m_PrefabInstance: {fileID: 0}
  m_PrefabAsset: {fileID: 0}
  serializedVersion: 6
  m_Component:
  - component: {fileID: 9091868770391270315}
  - component: {fileID: 8873058088240643407}
  - component: {fileID: 2974025900244336000}
  m_Layer: 0
  m_Name: Jaw_down_Mesh
  m_TagString: Untagged
  m_Icon: {fileID: 0}
  m_NavMeshLayer: 0
  m_StaticEditorFlags: 0
  m_IsActive: 1
--- !u!4 &9091868770391270315
Transform:
  m_ObjectHideFlags: 0
  m_CorrespondingSourceObject: {fileID: 0}
  m_PrefabInstance: {fileID: 0}
  m_PrefabAsset: {fileID: 0}
  m_GameObject: {fileID: 236527029164939565}
  m_LocalRotation: {x: 0.41529593, y: 0.57230175, z: -0.41529593, w: 0.57230175}
  m_LocalPosition: {x: -0.05639198, y: -0.013105316, z: 0.000000076293944}
  m_LocalScale: {x: 1.338625, y: 1.338625, z: 1.338625}
  m_Children: []
  m_Father: {fileID: 7033877227882803972}
  m_RootOrder: 0
  m_LocalEulerAnglesHint: {x: 0, y: 0, z: 0}
--- !u!33 &8873058088240643407
MeshFilter:
  m_ObjectHideFlags: 0
  m_CorrespondingSourceObject: {fileID: 0}
  m_PrefabInstance: {fileID: 0}
  m_PrefabAsset: {fileID: 0}
  m_GameObject: {fileID: 236527029164939565}
  m_Mesh: {fileID: 4082917631056828128, guid: f0376bfd0c35a76418dcab313ea0a509, type: 3}
--- !u!23 &2974025900244336000
MeshRenderer:
  m_ObjectHideFlags: 0
  m_CorrespondingSourceObject: {fileID: 0}
  m_PrefabInstance: {fileID: 0}
  m_PrefabAsset: {fileID: 0}
  m_GameObject: {fileID: 236527029164939565}
  m_Enabled: 1
  m_CastShadows: 1
  m_ReceiveShadows: 1
  m_DynamicOccludee: 1
  m_MotionVectors: 1
  m_LightProbeUsage: 1
  m_ReflectionProbeUsage: 1
  m_RayTracingMode: 2
  m_RenderingLayerMask: 1
  m_RendererPriority: 0
  m_Materials:
  - {fileID: 2100000, guid: bd539bdd99cc8474ab785387da8da7fa, type: 2}
  m_StaticBatchInfo:
    firstSubMesh: 0
    subMeshCount: 0
  m_StaticBatchRoot: {fileID: 0}
  m_ProbeAnchor: {fileID: 0}
  m_LightProbeVolumeOverride: {fileID: 0}
  m_ScaleInLightmap: 1
  m_ReceiveGI: 1
  m_PreserveUVs: 0
  m_IgnoreNormalsForChartDetection: 0
  m_ImportantGI: 0
  m_StitchLightmapSeams: 1
  m_SelectedEditorRenderState: 3
  m_MinimumChartSize: 4
  m_AutoUVMaxDistance: 0.5
  m_AutoUVMaxAngle: 89
  m_LightmapParameters: {fileID: 0}
  m_SortingLayerID: 0
  m_SortingLayer: 0
  m_SortingOrder: 0
--- !u!1 &514574750530464961
GameObject:
  m_ObjectHideFlags: 0
  m_CorrespondingSourceObject: {fileID: 0}
  m_PrefabInstance: {fileID: 0}
  m_PrefabAsset: {fileID: 0}
  serializedVersion: 6
  m_Component:
  - component: {fileID: 4415867956059233923}
  m_Layer: 0
  m_Name: CATRigLArmDigit23
  m_TagString: Untagged
  m_Icon: {fileID: 0}
  m_NavMeshLayer: 0
  m_StaticEditorFlags: 0
  m_IsActive: 1
--- !u!4 &4415867956059233923
Transform:
  m_ObjectHideFlags: 0
  m_CorrespondingSourceObject: {fileID: 0}
  m_PrefabInstance: {fileID: 0}
  m_PrefabAsset: {fileID: 0}
  m_GameObject: {fileID: 514574750530464961}
  m_LocalRotation: {x: -0.00000044734648, y: -0.0000000057981175, z: 0.012029051,
    w: 0.99992764}
  m_LocalPosition: {x: -0.020349884, y: 0, z: 5.9604643e-10}
  m_LocalScale: {x: 1.000009, y: 1, z: 0.99999}
  m_Children: []
  m_Father: {fileID: 1789853237559976745}
  m_RootOrder: 0
  m_LocalEulerAnglesHint: {x: 0, y: 0, z: 0}
--- !u!1 &536880944130972656
GameObject:
  m_ObjectHideFlags: 0
  m_CorrespondingSourceObject: {fileID: 0}
  m_PrefabInstance: {fileID: 0}
  m_PrefabAsset: {fileID: 0}
  serializedVersion: 6
  m_Component:
  - component: {fileID: 6400877069118457149}
  m_Layer: 0
  m_Name: CATRigHub003Bone003
  m_TagString: Untagged
  m_Icon: {fileID: 0}
  m_NavMeshLayer: 0
  m_StaticEditorFlags: 0
  m_IsActive: 1
--- !u!4 &6400877069118457149
Transform:
  m_ObjectHideFlags: 0
  m_CorrespondingSourceObject: {fileID: 0}
  m_PrefabInstance: {fileID: 0}
  m_PrefabAsset: {fileID: 0}
  m_GameObject: {fileID: 536880944130972656}
  m_LocalRotation: {x: -0.23336868, y: -0.29424623, z: -0.3005499, w: 0.8767143}
  m_LocalPosition: {x: -0.05590744, y: 0.0036761474, z: -0.019652046}
  m_LocalScale: {x: 1, y: 1, z: 1}
  m_Children: []
  m_Father: {fileID: 5819460977161440897}
  m_RootOrder: 2
  m_LocalEulerAnglesHint: {x: 0, y: 0, z: 0}
--- !u!1 &594546237883698392
GameObject:
  m_ObjectHideFlags: 0
  m_CorrespondingSourceObject: {fileID: 0}
  m_PrefabInstance: {fileID: 0}
  m_PrefabAsset: {fileID: 0}
  serializedVersion: 6
  m_Component:
  - component: {fileID: 6495293371274124895}
  m_Layer: 0
  m_Name: Object048
  m_TagString: Untagged
  m_Icon: {fileID: 0}
  m_NavMeshLayer: 0
  m_StaticEditorFlags: 0
  m_IsActive: 1
--- !u!4 &6495293371274124895
Transform:
  m_ObjectHideFlags: 0
  m_CorrespondingSourceObject: {fileID: 0}
  m_PrefabInstance: {fileID: 0}
  m_PrefabAsset: {fileID: 0}
  m_GameObject: {fileID: 594546237883698392}
  m_LocalRotation: {x: -0.7071068, y: 0, z: -0, w: 0.7071068}
  m_LocalPosition: {x: -0, y: 1.4096388, z: -0.058472507}
  m_LocalScale: {x: 2.54, y: 2.54, z: 2.54}
  m_Children: []
  m_Father: {fileID: 3505148518699742789}
  m_RootOrder: 4
  m_LocalEulerAnglesHint: {x: 0, y: 0, z: 0}
--- !u!1 &812620742579663024
GameObject:
  m_ObjectHideFlags: 0
  m_CorrespondingSourceObject: {fileID: 0}
  m_PrefabInstance: {fileID: 0}
  m_PrefabAsset: {fileID: 0}
  serializedVersion: 6
  m_Component:
  - component: {fileID: 4412231852290143081}
  - component: {fileID: 1935719644530990131}
  - component: {fileID: 4091670954954847798}
  m_Layer: 0
  m_Name: Shackles_R_Mesh
  m_TagString: Untagged
  m_Icon: {fileID: 0}
  m_NavMeshLayer: 0
  m_StaticEditorFlags: 0
  m_IsActive: 0
--- !u!4 &4412231852290143081
Transform:
  m_ObjectHideFlags: 0
  m_CorrespondingSourceObject: {fileID: 0}
  m_PrefabInstance: {fileID: 0}
  m_PrefabAsset: {fileID: 0}
  m_GameObject: {fileID: 812620742579663024}
  m_LocalRotation: {x: 0.28342965, y: 0.081840284, z: 0.9531588, w: -0.066768706}
  m_LocalPosition: {x: -0.166276, y: 0.00002503395, z: -0.0072938534}
  m_LocalScale: {x: 1.338621, y: 1.33863, z: 1.338626}
  m_Children: []
  m_Father: {fileID: 1607470491558525083}
  m_RootOrder: 1
  m_LocalEulerAnglesHint: {x: 0, y: 0, z: 0}
--- !u!33 &1935719644530990131
MeshFilter:
  m_ObjectHideFlags: 0
  m_CorrespondingSourceObject: {fileID: 0}
  m_PrefabInstance: {fileID: 0}
  m_PrefabAsset: {fileID: 0}
  m_GameObject: {fileID: 812620742579663024}
  m_Mesh: {fileID: -4538743949973674920, guid: f0376bfd0c35a76418dcab313ea0a509, type: 3}
--- !u!23 &4091670954954847798
MeshRenderer:
  m_ObjectHideFlags: 0
  m_CorrespondingSourceObject: {fileID: 0}
  m_PrefabInstance: {fileID: 0}
  m_PrefabAsset: {fileID: 0}
  m_GameObject: {fileID: 812620742579663024}
  m_Enabled: 1
  m_CastShadows: 1
  m_ReceiveShadows: 1
  m_DynamicOccludee: 1
  m_MotionVectors: 1
  m_LightProbeUsage: 1
  m_ReflectionProbeUsage: 1
  m_RayTracingMode: 2
  m_RenderingLayerMask: 1
  m_RendererPriority: 0
  m_Materials:
  - {fileID: 2100000, guid: bd539bdd99cc8474ab785387da8da7fa, type: 2}
  m_StaticBatchInfo:
    firstSubMesh: 0
    subMeshCount: 0
  m_StaticBatchRoot: {fileID: 0}
  m_ProbeAnchor: {fileID: 0}
  m_LightProbeVolumeOverride: {fileID: 0}
  m_ScaleInLightmap: 1
  m_ReceiveGI: 1
  m_PreserveUVs: 0
  m_IgnoreNormalsForChartDetection: 0
  m_ImportantGI: 0
  m_StitchLightmapSeams: 1
  m_SelectedEditorRenderState: 3
  m_MinimumChartSize: 4
  m_AutoUVMaxDistance: 0.5
  m_AutoUVMaxAngle: 89
  m_LightmapParameters: {fileID: 0}
  m_SortingLayerID: 0
  m_SortingLayer: 0
  m_SortingOrder: 0
--- !u!1 &934696650672495496
GameObject:
  m_ObjectHideFlags: 0
  m_CorrespondingSourceObject: {fileID: 0}
  m_PrefabInstance: {fileID: 0}
  m_PrefabAsset: {fileID: 0}
  serializedVersion: 6
  m_Component:
  - component: {fileID: 3479848486385718791}
  m_Layer: 0
  m_Name: CATRigLArmDigit42
  m_TagString: Untagged
  m_Icon: {fileID: 0}
  m_NavMeshLayer: 0
  m_StaticEditorFlags: 0
  m_IsActive: 1
--- !u!4 &3479848486385718791
Transform:
  m_ObjectHideFlags: 0
  m_CorrespondingSourceObject: {fileID: 0}
  m_PrefabInstance: {fileID: 0}
  m_PrefabAsset: {fileID: 0}
  m_GameObject: {fileID: 934696650672495496}
  m_LocalRotation: {x: -0.0000009311991, y: 0.00000045990913, z: -0.016751984, w: 0.9998597}
  m_LocalPosition: {x: -0.018679466, y: 0, z: 0}
  m_LocalScale: {x: 0.99999, y: 1, z: 1.000009}
  m_Children:
  - {fileID: 2891077615444145828}
  m_Father: {fileID: 8262756100053289423}
  m_RootOrder: 0
  m_LocalEulerAnglesHint: {x: 0, y: 0, z: 0}
--- !u!1 &966586746145178721
GameObject:
  m_ObjectHideFlags: 0
  m_CorrespondingSourceObject: {fileID: 0}
  m_PrefabInstance: {fileID: 0}
  m_PrefabAsset: {fileID: 0}
  serializedVersion: 6
  m_Component:
  - component: {fileID: 4322284608035929734}
  m_Layer: 0
  m_Name: CATRigLArmDigit13
  m_TagString: Untagged
  m_Icon: {fileID: 0}
  m_NavMeshLayer: 0
  m_StaticEditorFlags: 0
  m_IsActive: 1
--- !u!4 &4322284608035929734
Transform:
  m_ObjectHideFlags: 0
  m_CorrespondingSourceObject: {fileID: 0}
  m_PrefabInstance: {fileID: 0}
  m_PrefabAsset: {fileID: 0}
  m_GameObject: {fileID: 966586746145178721}
  m_LocalRotation: {x: 0.00000004470391, y: -1.9984014e-15, z: -0.000000044703057,
    w: 1}
  m_LocalPosition: {x: -0.015751705, y: 0.000000019073486, z: 0}
  m_LocalScale: {x: 1.00001, y: 0.99999, z: 1}
  m_Children: []
  m_Father: {fileID: 8253860200324232767}
  m_RootOrder: 0
  m_LocalEulerAnglesHint: {x: 0, y: 0, z: 0}
--- !u!1 &1179836482787399421
GameObject:
  m_ObjectHideFlags: 0
  m_CorrespondingSourceObject: {fileID: 0}
  m_PrefabInstance: {fileID: 0}
  m_PrefabAsset: {fileID: 0}
  serializedVersion: 6
  m_Component:
  - component: {fileID: 5598029928624559741}
  m_Layer: 0
  m_Name: CATRigLLeg2
  m_TagString: Untagged
  m_Icon: {fileID: 0}
  m_NavMeshLayer: 0
  m_StaticEditorFlags: 0
  m_IsActive: 1
--- !u!4 &5598029928624559741
Transform:
  m_ObjectHideFlags: 0
  m_CorrespondingSourceObject: {fileID: 0}
  m_PrefabInstance: {fileID: 0}
  m_PrefabAsset: {fileID: 0}
  m_GameObject: {fileID: 1179836482787399421}
  m_LocalRotation: {x: -0.0064257793, y: 0.0043359636, z: 0.42068785, w: 0.9071723}
  m_LocalPosition: {x: -0.21006523, y: -0.000000104904174, z: -0.000000076293944}
  m_LocalScale: {x: 1.000004, y: 0.999996, z: 1}
  m_Children:
  - {fileID: 6480854475410408006}
  m_Father: {fileID: 8873631949905878584}
  m_RootOrder: 0
  m_LocalEulerAnglesHint: {x: 0, y: 0, z: 0}
--- !u!1 &1733384897072067371
GameObject:
  m_ObjectHideFlags: 0
  m_CorrespondingSourceObject: {fileID: 0}
  m_PrefabInstance: {fileID: 0}
  m_PrefabAsset: {fileID: 0}
  serializedVersion: 6
  m_Component:
  - component: {fileID: 7977163505911573196}
  - component: {fileID: 3473831930746686297}
  - component: {fileID: 6351338176619972070}
  m_Layer: 0
  m_Name: Shackles_L_Mesh
  m_TagString: Untagged
  m_Icon: {fileID: 0}
  m_NavMeshLayer: 0
  m_StaticEditorFlags: 0
  m_IsActive: 0
--- !u!4 &7977163505911573196
Transform:
  m_ObjectHideFlags: 0
  m_CorrespondingSourceObject: {fileID: 0}
  m_PrefabInstance: {fileID: 0}
  m_PrefabAsset: {fileID: 0}
  m_GameObject: {fileID: 1733384897072067371}
  m_LocalRotation: {x: 0.9531588, y: 0.06676894, z: 0.28342983, w: -0.08184031}
  m_LocalPosition: {x: -0.16627572, y: 0.000024933814, z: 0.0072938534}
  m_LocalScale: {x: 1.33862, y: 1.33863, z: 1.338625}
  m_Children: []
  m_Father: {fileID: 7494144704270601891}
  m_RootOrder: 1
  m_LocalEulerAnglesHint: {x: 0, y: 0, z: 0}
--- !u!33 &3473831930746686297
MeshFilter:
  m_ObjectHideFlags: 0
  m_CorrespondingSourceObject: {fileID: 0}
  m_PrefabInstance: {fileID: 0}
  m_PrefabAsset: {fileID: 0}
  m_GameObject: {fileID: 1733384897072067371}
  m_Mesh: {fileID: 7703786650941817567, guid: f0376bfd0c35a76418dcab313ea0a509, type: 3}
--- !u!23 &6351338176619972070
MeshRenderer:
  m_ObjectHideFlags: 0
  m_CorrespondingSourceObject: {fileID: 0}
  m_PrefabInstance: {fileID: 0}
  m_PrefabAsset: {fileID: 0}
  m_GameObject: {fileID: 1733384897072067371}
  m_Enabled: 1
  m_CastShadows: 1
  m_ReceiveShadows: 1
  m_DynamicOccludee: 1
  m_MotionVectors: 1
  m_LightProbeUsage: 1
  m_ReflectionProbeUsage: 1
  m_RayTracingMode: 2
  m_RenderingLayerMask: 1
  m_RendererPriority: 0
  m_Materials:
  - {fileID: 2100000, guid: bd539bdd99cc8474ab785387da8da7fa, type: 2}
  m_StaticBatchInfo:
    firstSubMesh: 0
    subMeshCount: 0
  m_StaticBatchRoot: {fileID: 0}
  m_ProbeAnchor: {fileID: 0}
  m_LightProbeVolumeOverride: {fileID: 0}
  m_ScaleInLightmap: 1
  m_ReceiveGI: 1
  m_PreserveUVs: 0
  m_IgnoreNormalsForChartDetection: 0
  m_ImportantGI: 0
  m_StitchLightmapSeams: 1
  m_SelectedEditorRenderState: 3
  m_MinimumChartSize: 4
  m_AutoUVMaxDistance: 0.5
  m_AutoUVMaxAngle: 89
  m_LightmapParameters: {fileID: 0}
  m_SortingLayerID: 0
  m_SortingLayer: 0
  m_SortingOrder: 0
--- !u!1 &1791737620385146795
GameObject:
  m_ObjectHideFlags: 0
  m_CorrespondingSourceObject: {fileID: 0}
  m_PrefabInstance: {fileID: 0}
  m_PrefabAsset: {fileID: 0}
  serializedVersion: 6
  m_Component:
  - component: {fileID: 5703156040097671998}
  m_Layer: 0
  m_Name: CATRigHub001Bone002
  m_TagString: Untagged
  m_Icon: {fileID: 0}
  m_NavMeshLayer: 0
  m_StaticEditorFlags: 0
  m_IsActive: 1
--- !u!4 &5703156040097671998
Transform:
  m_ObjectHideFlags: 0
  m_CorrespondingSourceObject: {fileID: 0}
  m_PrefabInstance: {fileID: 0}
  m_PrefabAsset: {fileID: 0}
  m_GameObject: {fileID: 1791737620385146795}
  m_LocalRotation: {x: -1.06933895e-14, y: 1.8330718e-14, z: 0.99904823, w: 0.043619573}
  m_LocalPosition: {x: -0.016837921, y: -0.060626972, z: -2.842171e-16}
  m_LocalScale: {x: 1, y: 1, z: 1}
  m_Children:
  - {fileID: 3302591957972517549}
  m_Father: {fileID: 922893321245087086}
  m_RootOrder: 1
  m_LocalEulerAnglesHint: {x: 0, y: 0, z: 0}
--- !u!1 &1914757651765551505
GameObject:
  m_ObjectHideFlags: 0
  m_CorrespondingSourceObject: {fileID: 0}
  m_PrefabInstance: {fileID: 0}
  m_PrefabAsset: {fileID: 0}
  serializedVersion: 6
  m_Component:
  - component: {fileID: 3495506104449985246}
  m_Layer: 0
  m_Name: CATRigHub001Bone003
  m_TagString: Untagged
  m_Icon: {fileID: 0}
  m_NavMeshLayer: 0
  m_StaticEditorFlags: 0
  m_IsActive: 1
--- !u!4 &3495506104449985246
Transform:
  m_ObjectHideFlags: 0
  m_CorrespondingSourceObject: {fileID: 0}
  m_PrefabInstance: {fileID: 0}
  m_PrefabAsset: {fileID: 0}
  m_GameObject: {fileID: 1914757651765551505}
  m_LocalRotation: {x: -4.1760362e-23, y: -3.127168e-14, z: -3.0198066e-14, w: 1}
  m_LocalPosition: {x: -0, y: 0, z: 0}
  m_LocalScale: {x: 1, y: 1, z: 1}
  m_Children:
  - {fileID: 7327709283417269873}
  m_Father: {fileID: 922893321245087086}
  m_RootOrder: 2
  m_LocalEulerAnglesHint: {x: 0, y: 0, z: 0}
--- !u!1 &2073006002750537937
GameObject:
  m_ObjectHideFlags: 0
  m_CorrespondingSourceObject: {fileID: 0}
  m_PrefabInstance: {fileID: 0}
  m_PrefabAsset: {fileID: 0}
  serializedVersion: 6
  m_Component:
  - component: {fileID: 2796632091540482185}
  - component: {fileID: 4910746348110352519}
  - component: {fileID: 3018657155364577728}
  m_Layer: 0
  m_Name: Jaw_up_Mesh
  m_TagString: Untagged
  m_Icon: {fileID: 0}
  m_NavMeshLayer: 0
  m_StaticEditorFlags: 0
  m_IsActive: 1
--- !u!4 &2796632091540482185
Transform:
  m_ObjectHideFlags: 0
  m_CorrespondingSourceObject: {fileID: 0}
  m_PrefabInstance: {fileID: 0}
  m_PrefabAsset: {fileID: 0}
  m_GameObject: {fileID: 2073006002750537937}
  m_LocalRotation: {x: 0.61226743, y: 0.35373518, z: -0.61226743, w: 0.3537352}
  m_LocalPosition: {x: -0.062487755, y: 0.033101615, z: 9.094947e-15}
  m_LocalScale: {x: 1.338625, y: 1.338625, z: 1.338625}
  m_Children: []
  m_Father: {fileID: 5819460977161440897}
  m_RootOrder: 4
  m_LocalEulerAnglesHint: {x: 0, y: 0, z: 0}
--- !u!33 &4910746348110352519
MeshFilter:
  m_ObjectHideFlags: 0
  m_CorrespondingSourceObject: {fileID: 0}
  m_PrefabInstance: {fileID: 0}
  m_PrefabAsset: {fileID: 0}
  m_GameObject: {fileID: 2073006002750537937}
  m_Mesh: {fileID: -4391716201401126608, guid: f0376bfd0c35a76418dcab313ea0a509, type: 3}
--- !u!23 &3018657155364577728
MeshRenderer:
  m_ObjectHideFlags: 0
  m_CorrespondingSourceObject: {fileID: 0}
  m_PrefabInstance: {fileID: 0}
  m_PrefabAsset: {fileID: 0}
  m_GameObject: {fileID: 2073006002750537937}
  m_Enabled: 1
  m_CastShadows: 1
  m_ReceiveShadows: 1
  m_DynamicOccludee: 1
  m_MotionVectors: 1
  m_LightProbeUsage: 1
  m_ReflectionProbeUsage: 1
  m_RayTracingMode: 2
  m_RenderingLayerMask: 1
  m_RendererPriority: 0
  m_Materials:
  - {fileID: 2100000, guid: bd539bdd99cc8474ab785387da8da7fa, type: 2}
  m_StaticBatchInfo:
    firstSubMesh: 0
    subMeshCount: 0
  m_StaticBatchRoot: {fileID: 0}
  m_ProbeAnchor: {fileID: 0}
  m_LightProbeVolumeOverride: {fileID: 0}
  m_ScaleInLightmap: 1
  m_ReceiveGI: 1
  m_PreserveUVs: 0
  m_IgnoreNormalsForChartDetection: 0
  m_ImportantGI: 0
  m_StitchLightmapSeams: 1
  m_SelectedEditorRenderState: 3
  m_MinimumChartSize: 4
  m_AutoUVMaxDistance: 0.5
  m_AutoUVMaxAngle: 89
  m_LightmapParameters: {fileID: 0}
  m_SortingLayerID: 0
  m_SortingLayer: 0
  m_SortingOrder: 0
--- !u!1 &2155034130631368755
GameObject:
  m_ObjectHideFlags: 0
  m_CorrespondingSourceObject: {fileID: 0}
  m_PrefabInstance: {fileID: 0}
  m_PrefabAsset: {fileID: 0}
  serializedVersion: 6
  m_Component:
  - component: {fileID: 6151348421884795773}
  - component: {fileID: 6165677785303821582}
  - component: {fileID: 1486473204006817187}
  m_Layer: 0
  m_Name: Wool_L_Mesh
  m_TagString: Untagged
  m_Icon: {fileID: 0}
  m_NavMeshLayer: 0
  m_StaticEditorFlags: 0
  m_IsActive: 1
--- !u!4 &6151348421884795773
Transform:
  m_ObjectHideFlags: 0
  m_CorrespondingSourceObject: {fileID: 0}
  m_PrefabInstance: {fileID: 0}
  m_PrefabAsset: {fileID: 0}
  m_GameObject: {fileID: 2155034130631368755}
  m_LocalRotation: {x: 0.9566418, y: 0.044318486, z: 0.2877959, w: -0.006780848}
  m_LocalPosition: {x: -0.07087759, y: -0.015569884, z: -0.017416306}
  m_LocalScale: {x: 0.999997, y: 1.000003, z: 1.000001}
  m_Children: []
  m_Father: {fileID: 7494144704270601891}
  m_RootOrder: 2
  m_LocalEulerAnglesHint: {x: 0, y: 0, z: 0}
--- !u!33 &6165677785303821582
MeshFilter:
  m_ObjectHideFlags: 0
  m_CorrespondingSourceObject: {fileID: 0}
  m_PrefabInstance: {fileID: 0}
  m_PrefabAsset: {fileID: 0}
  m_GameObject: {fileID: 2155034130631368755}
  m_Mesh: {fileID: 4630504783567329359, guid: f0376bfd0c35a76418dcab313ea0a509, type: 3}
--- !u!23 &1486473204006817187
MeshRenderer:
  m_ObjectHideFlags: 0
  m_CorrespondingSourceObject: {fileID: 0}
  m_PrefabInstance: {fileID: 0}
  m_PrefabAsset: {fileID: 0}
  m_GameObject: {fileID: 2155034130631368755}
  m_Enabled: 1
  m_CastShadows: 1
  m_ReceiveShadows: 1
  m_DynamicOccludee: 1
  m_MotionVectors: 1
  m_LightProbeUsage: 1
  m_ReflectionProbeUsage: 1
  m_RayTracingMode: 2
  m_RenderingLayerMask: 1
  m_RendererPriority: 0
  m_Materials:
  - {fileID: 2100000, guid: bd539bdd99cc8474ab785387da8da7fa, type: 2}
  m_StaticBatchInfo:
    firstSubMesh: 0
    subMeshCount: 0
  m_StaticBatchRoot: {fileID: 0}
  m_ProbeAnchor: {fileID: 0}
  m_LightProbeVolumeOverride: {fileID: 0}
  m_ScaleInLightmap: 1
  m_ReceiveGI: 1
  m_PreserveUVs: 0
  m_IgnoreNormalsForChartDetection: 0
  m_ImportantGI: 0
  m_StitchLightmapSeams: 1
  m_SelectedEditorRenderState: 3
  m_MinimumChartSize: 4
  m_AutoUVMaxDistance: 0.5
  m_AutoUVMaxAngle: 89
  m_LightmapParameters: {fileID: 0}
  m_SortingLayerID: 0
  m_SortingLayer: 0
  m_SortingOrder: 0
--- !u!1 &2170379160256656415
GameObject:
  m_ObjectHideFlags: 0
  m_CorrespondingSourceObject: {fileID: 0}
  m_PrefabInstance: {fileID: 0}
  m_PrefabAsset: {fileID: 0}
  serializedVersion: 6
  m_Component:
  - component: {fileID: 3342053367405106310}
  m_Layer: 0
  m_Name: CATRigRArmDigit22
  m_TagString: Untagged
  m_Icon: {fileID: 0}
  m_NavMeshLayer: 0
  m_StaticEditorFlags: 0
  m_IsActive: 1
--- !u!4 &3342053367405106310
Transform:
  m_ObjectHideFlags: 0
  m_CorrespondingSourceObject: {fileID: 0}
  m_PrefabInstance: {fileID: 0}
  m_PrefabAsset: {fileID: 0}
  m_GameObject: {fileID: 2170379160256656415}
  m_LocalRotation: {x: 0.0000017700565, y: 0.000009746246, z: -0.017943501, w: 0.999839}
  m_LocalPosition: {x: -0.025199698, y: 0, z: -5.9604643e-10}
  m_LocalScale: {x: 1.00001, y: 1, z: 0.99999}
  m_Children:
  - {fileID: 7569109526886826419}
  m_Father: {fileID: 4925083252960816447}
  m_RootOrder: 0
  m_LocalEulerAnglesHint: {x: 0, y: 0, z: 0}
--- !u!1 &2228957602475646476
GameObject:
  m_ObjectHideFlags: 0
  m_CorrespondingSourceObject: {fileID: 0}
  m_PrefabInstance: {fileID: 0}
  m_PrefabAsset: {fileID: 0}
  serializedVersion: 6
  m_Component:
  - component: {fileID: 1789853237559976745}
  m_Layer: 0
  m_Name: CATRigLArmDigit22
  m_TagString: Untagged
  m_Icon: {fileID: 0}
  m_NavMeshLayer: 0
  m_StaticEditorFlags: 0
  m_IsActive: 1
--- !u!4 &1789853237559976745
Transform:
  m_ObjectHideFlags: 0
  m_CorrespondingSourceObject: {fileID: 0}
  m_PrefabInstance: {fileID: 0}
  m_PrefabAsset: {fileID: 0}
  m_GameObject: {fileID: 2228957602475646476}
  m_LocalRotation: {x: -0.0000017523391, y: -0.000009718876, z: -0.017944178, w: 0.999839}
  m_LocalPosition: {x: -0.025199661, y: 0, z: 5.9604643e-10}
  m_LocalScale: {x: 1.000009, y: 1, z: 0.99999}
  m_Children:
  - {fileID: 4415867956059233923}
  m_Father: {fileID: 3671310081521466244}
  m_RootOrder: 0
  m_LocalEulerAnglesHint: {x: 0, y: 0, z: 0}
--- !u!1 &2280019098438900041
GameObject:
  m_ObjectHideFlags: 0
  m_CorrespondingSourceObject: {fileID: 0}
  m_PrefabInstance: {fileID: 0}
  m_PrefabAsset: {fileID: 0}
  serializedVersion: 6
  m_Component:
  - component: {fileID: 7709877197286365409}
  m_Layer: 0
  m_Name: CATRigLArmDigit11
  m_TagString: Untagged
  m_Icon: {fileID: 0}
  m_NavMeshLayer: 0
  m_StaticEditorFlags: 0
  m_IsActive: 1
--- !u!4 &7709877197286365409
Transform:
  m_ObjectHideFlags: 0
  m_CorrespondingSourceObject: {fileID: 0}
  m_PrefabInstance: {fileID: 0}
  m_PrefabAsset: {fileID: 0}
  m_GameObject: {fileID: 2280019098438900041}
  m_LocalRotation: {x: 0.4079763, y: 0.31617767, z: -0.021245388, w: 0.8562334}
  m_LocalPosition: {x: -0.011493683, y: -0.009079437, z: 0.023848912}
  m_LocalScale: {x: 1.000018, y: 0.999992, z: 0.999991}
  m_Children:
  - {fileID: 8253860200324232767}
  m_Father: {fileID: 7901020745685025827}
  m_RootOrder: 0
  m_LocalEulerAnglesHint: {x: 0, y: 0, z: 0}
--- !u!1 &2731981079512945223
GameObject:
  m_ObjectHideFlags: 0
  m_CorrespondingSourceObject: {fileID: 0}
  m_PrefabInstance: {fileID: 0}
  m_PrefabAsset: {fileID: 0}
  serializedVersion: 6
  m_Component:
  - component: {fileID: 6511889193014417194}
  - component: {fileID: 3399359488813784229}
  - component: {fileID: 1619554356037677715}
  m_Layer: 0
  m_Name: Eyes_Mesh
  m_TagString: Untagged
  m_Icon: {fileID: 0}
  m_NavMeshLayer: 0
  m_StaticEditorFlags: 0
  m_IsActive: 1
--- !u!4 &6511889193014417194
Transform:
  m_ObjectHideFlags: 0
  m_CorrespondingSourceObject: {fileID: 0}
  m_PrefabInstance: {fileID: 0}
  m_PrefabAsset: {fileID: 0}
  m_GameObject: {fileID: 2731981079512945223}
  m_LocalRotation: {x: 0.61226743, y: 0.35373518, z: -0.61226743, w: 0.3537352}
  m_LocalPosition: {x: -0.05026211, y: 0.0035591125, z: 9.094947e-15}
  m_LocalScale: {x: 1.338625, y: 1.338625, z: 1.338625}
  m_Children: []
  m_Father: {fileID: 5819460977161440897}
  m_RootOrder: 3
  m_LocalEulerAnglesHint: {x: 0, y: 0, z: 0}
--- !u!33 &3399359488813784229
MeshFilter:
  m_ObjectHideFlags: 0
  m_CorrespondingSourceObject: {fileID: 0}
  m_PrefabInstance: {fileID: 0}
  m_PrefabAsset: {fileID: 0}
  m_GameObject: {fileID: 2731981079512945223}
  m_Mesh: {fileID: -7686932032465870050, guid: f0376bfd0c35a76418dcab313ea0a509, type: 3}
--- !u!23 &1619554356037677715
MeshRenderer:
  m_ObjectHideFlags: 0
  m_CorrespondingSourceObject: {fileID: 0}
  m_PrefabInstance: {fileID: 0}
  m_PrefabAsset: {fileID: 0}
  m_GameObject: {fileID: 2731981079512945223}
  m_Enabled: 1
  m_CastShadows: 1
  m_ReceiveShadows: 1
  m_DynamicOccludee: 1
  m_MotionVectors: 1
  m_LightProbeUsage: 1
  m_ReflectionProbeUsage: 1
  m_RayTracingMode: 2
  m_RenderingLayerMask: 1
  m_RendererPriority: 0
  m_Materials:
  - {fileID: -3661639628750336703, guid: f0376bfd0c35a76418dcab313ea0a509, type: 3}
  m_StaticBatchInfo:
    firstSubMesh: 0
    subMeshCount: 0
  m_StaticBatchRoot: {fileID: 0}
  m_ProbeAnchor: {fileID: 0}
  m_LightProbeVolumeOverride: {fileID: 0}
  m_ScaleInLightmap: 1
  m_ReceiveGI: 1
  m_PreserveUVs: 0
  m_IgnoreNormalsForChartDetection: 0
  m_ImportantGI: 0
  m_StitchLightmapSeams: 1
  m_SelectedEditorRenderState: 3
  m_MinimumChartSize: 4
  m_AutoUVMaxDistance: 0.5
  m_AutoUVMaxAngle: 89
  m_LightmapParameters: {fileID: 0}
  m_SortingLayerID: 0
  m_SortingLayer: 0
  m_SortingOrder: 0
--- !u!1 &2736717535567195090
GameObject:
  m_ObjectHideFlags: 0
  m_CorrespondingSourceObject: {fileID: 0}
  m_PrefabInstance: {fileID: 0}
  m_PrefabAsset: {fileID: 0}
  serializedVersion: 6
  m_Component:
  - component: {fileID: 6259640337688172731}
  m_Layer: 0
  m_Name: CATRigLArmDigit31
  m_TagString: Untagged
  m_Icon: {fileID: 0}
  m_NavMeshLayer: 0
  m_StaticEditorFlags: 0
  m_IsActive: 1
--- !u!4 &6259640337688172731
Transform:
  m_ObjectHideFlags: 0
  m_CorrespondingSourceObject: {fileID: 0}
  m_PrefabInstance: {fileID: 0}
  m_PrefabAsset: {fileID: 0}
  m_GameObject: {fileID: 2736717535567195090}
  m_LocalRotation: {x: -0.00090052496, y: -0.027151238, z: 0.033117674, w: 0.9990822}
  m_LocalPosition: {x: -0.06203163, y: -0.0012734223, z: -0.004410846}
  m_LocalScale: {x: 0.999991, y: 1, z: 1.00001}
  m_Children:
  - {fileID: 8172058384071303989}
  m_Father: {fileID: 7901020745685025827}
  m_RootOrder: 2
  m_LocalEulerAnglesHint: {x: 0, y: 0, z: 0}
--- !u!1 &2780218356307574562
GameObject:
  m_ObjectHideFlags: 0
  m_CorrespondingSourceObject: {fileID: 0}
  m_PrefabInstance: {fileID: 0}
  m_PrefabAsset: {fileID: 0}
  serializedVersion: 6
  m_Component:
  - component: {fileID: 5217348030823483889}
  m_Layer: 0
  m_Name: CATRigLArm1
  m_TagString: Untagged
  m_Icon: {fileID: 0}
  m_NavMeshLayer: 0
  m_StaticEditorFlags: 0
  m_IsActive: 1
--- !u!4 &5217348030823483889
Transform:
  m_ObjectHideFlags: 0
  m_CorrespondingSourceObject: {fileID: 0}
  m_PrefabInstance: {fileID: 0}
  m_PrefabAsset: {fileID: 0}
  m_GameObject: {fileID: 2780218356307574562}
  m_LocalRotation: {x: 0.0047802893, y: -0.117057696, z: -0.01800516, w: 0.9929504}
  m_LocalPosition: {x: -0.087838, y: -0.0000000023841857, z: 0.000000076293944}
  m_LocalScale: {x: 1, y: 1, z: 1}
  m_Children:
  - {fileID: 7494144704270601891}
  m_Father: {fileID: 2874577096324282463}
  m_RootOrder: 0
  m_LocalEulerAnglesHint: {x: 0, y: 0, z: 0}
--- !u!1 &2937475813198778511
GameObject:
  m_ObjectHideFlags: 0
  m_CorrespondingSourceObject: {fileID: 0}
  m_PrefabInstance: {fileID: 0}
  m_PrefabAsset: {fileID: 0}
  serializedVersion: 6
  m_Component:
  - component: {fileID: 3597664211836571850}
  m_Layer: 0
  m_Name: CATRigRArmDigit43
  m_TagString: Untagged
  m_Icon: {fileID: 0}
  m_NavMeshLayer: 0
  m_StaticEditorFlags: 0
  m_IsActive: 1
--- !u!4 &3597664211836571850
Transform:
  m_ObjectHideFlags: 0
  m_CorrespondingSourceObject: {fileID: 0}
  m_PrefabInstance: {fileID: 0}
  m_PrefabAsset: {fileID: 0}
  m_GameObject: {fileID: 2937475813198778511}
  m_LocalRotation: {x: 0.000000575622, y: -0.00000008832882, z: 0.020511596, w: 0.9997896}
  m_LocalPosition: {x: -0.015912933, y: 0.00000015258789, z: 0.000000019073486}
  m_LocalScale: {x: 1, y: 1.00001, z: 0.999991}
  m_Children: []
  m_Father: {fileID: 6660050955854110256}
  m_RootOrder: 0
  m_LocalEulerAnglesHint: {x: 0, y: 0, z: 0}
--- !u!1 &3114642374530576035
GameObject:
  m_ObjectHideFlags: 0
  m_CorrespondingSourceObject: {fileID: 0}
  m_PrefabInstance: {fileID: 0}
  m_PrefabAsset: {fileID: 0}
  serializedVersion: 6
  m_Component:
  - component: {fileID: 7033877227882803972}
  m_Layer: 0
  m_Name: CATRigHub003Bone001
  m_TagString: Untagged
  m_Icon: {fileID: 0}
  m_NavMeshLayer: 0
  m_StaticEditorFlags: 0
  m_IsActive: 1
--- !u!4 &7033877227882803972
Transform:
  m_ObjectHideFlags: 0
  m_CorrespondingSourceObject: {fileID: 0}
  m_PrefabInstance: {fileID: 0}
  m_PrefabAsset: {fileID: 0}
  m_GameObject: {fileID: 3114642374530576035}
  m_LocalRotation: {x: 0.000000015515877, y: -0.000000025192339, z: -0.40699378, w: 0.9134309}
  m_LocalPosition: {x: -0.0069467924, y: 0.011091613, z: -0.0000000026346105}
  m_LocalScale: {x: 1, y: 1, z: 1}
  m_Children:
  - {fileID: 9091868770391270315}
  - {fileID: 7146231672723060753}
  m_Father: {fileID: 5819460977161440897}
  m_RootOrder: 0
  m_LocalEulerAnglesHint: {x: 0, y: 0, z: 0}
--- !u!1 &3173797593152522924
GameObject:
  m_ObjectHideFlags: 0
  m_CorrespondingSourceObject: {fileID: 0}
  m_PrefabInstance: {fileID: 0}
  m_PrefabAsset: {fileID: 0}
  serializedVersion: 6
  m_Component:
  - component: {fileID: 8873631949905878584}
  m_Layer: 0
  m_Name: CATRigLLeg1
  m_TagString: Untagged
  m_Icon: {fileID: 0}
  m_NavMeshLayer: 0
  m_StaticEditorFlags: 0
  m_IsActive: 1
--- !u!4 &8873631949905878584
Transform:
  m_ObjectHideFlags: 0
  m_CorrespondingSourceObject: {fileID: 0}
  m_PrefabInstance: {fileID: 0}
  m_PrefabAsset: {fileID: 0}
  m_GameObject: {fileID: 3173797593152522924}
  m_LocalRotation: {x: -0.056192268, y: 0.99716794, z: 0.006414231, w: 0.049572267}
  m_LocalPosition: {x: -0.0032527922, y: 0.0043561147, z: 0.042007044}
  m_LocalScale: {x: 1, y: 1, z: 1}
  m_Children:
  - {fileID: 5598029928624559741}
  m_Father: {fileID: 922893321245087086}
  m_RootOrder: 3
  m_LocalEulerAnglesHint: {x: 0, y: 0, z: 0}
--- !u!1 &3177954198956952102
GameObject:
  m_ObjectHideFlags: 0
  m_CorrespondingSourceObject: {fileID: 0}
  m_PrefabInstance: {fileID: 0}
  m_PrefabAsset: {fileID: 0}
  serializedVersion: 6
  m_Component:
  - component: {fileID: 3184820242154348745}
  - component: {fileID: 7660842432078351293}
  - component: {fileID: 70913768446408051}
  m_Layer: 0
  m_Name: Wool_head_Mesh
  m_TagString: Untagged
  m_Icon: {fileID: 0}
  m_NavMeshLayer: 0
  m_StaticEditorFlags: 0
  m_IsActive: 1
--- !u!4 &3184820242154348745
Transform:
  m_ObjectHideFlags: 0
  m_CorrespondingSourceObject: {fileID: 0}
  m_PrefabInstance: {fileID: 0}
  m_PrefabAsset: {fileID: 0}
  m_GameObject: {fileID: 3177954198956952102}
  m_LocalRotation: {x: 0.5826165, y: 0.40069687, z: -0.5826165, w: 0.4006969}
  m_LocalPosition: {x: -0.007865868, y: 0.001339035, z: 0}
  m_LocalScale: {x: 1, y: 1, z: 1}
  m_Children: []
  m_Father: {fileID: 5819460977161440897}
  m_RootOrder: 5
  m_LocalEulerAnglesHint: {x: 0, y: 0, z: 0}
--- !u!33 &7660842432078351293
MeshFilter:
  m_ObjectHideFlags: 0
  m_CorrespondingSourceObject: {fileID: 0}
  m_PrefabInstance: {fileID: 0}
  m_PrefabAsset: {fileID: 0}
  m_GameObject: {fileID: 3177954198956952102}
  m_Mesh: {fileID: 8229948403694420996, guid: f0376bfd0c35a76418dcab313ea0a509, type: 3}
--- !u!23 &70913768446408051
MeshRenderer:
  m_ObjectHideFlags: 0
  m_CorrespondingSourceObject: {fileID: 0}
  m_PrefabInstance: {fileID: 0}
  m_PrefabAsset: {fileID: 0}
  m_GameObject: {fileID: 3177954198956952102}
  m_Enabled: 1
  m_CastShadows: 1
  m_ReceiveShadows: 1
  m_DynamicOccludee: 1
  m_MotionVectors: 1
  m_LightProbeUsage: 1
  m_ReflectionProbeUsage: 1
  m_RayTracingMode: 2
  m_RenderingLayerMask: 1
  m_RendererPriority: 0
  m_Materials:
  - {fileID: 2100000, guid: bd539bdd99cc8474ab785387da8da7fa, type: 2}
  m_StaticBatchInfo:
    firstSubMesh: 0
    subMeshCount: 0
  m_StaticBatchRoot: {fileID: 0}
  m_ProbeAnchor: {fileID: 0}
  m_LightProbeVolumeOverride: {fileID: 0}
  m_ScaleInLightmap: 1
  m_ReceiveGI: 1
  m_PreserveUVs: 0
  m_IgnoreNormalsForChartDetection: 0
  m_ImportantGI: 0
  m_StitchLightmapSeams: 1
  m_SelectedEditorRenderState: 3
  m_MinimumChartSize: 4
  m_AutoUVMaxDistance: 0.5
  m_AutoUVMaxAngle: 89
  m_LightmapParameters: {fileID: 0}
  m_SortingLayerID: 0
  m_SortingLayer: 0
  m_SortingOrder: 0
--- !u!1 &3427807838712545267
GameObject:
  m_ObjectHideFlags: 0
  m_CorrespondingSourceObject: {fileID: 0}
  m_PrefabInstance: {fileID: 0}
  m_PrefabAsset: {fileID: 0}
  serializedVersion: 6
  m_Component:
  - component: {fileID: 2874577096324282463}
  m_Layer: 0
  m_Name: CATRigLArmCollarbone
  m_TagString: Untagged
  m_Icon: {fileID: 0}
  m_NavMeshLayer: 0
  m_StaticEditorFlags: 0
  m_IsActive: 1
--- !u!4 &2874577096324282463
Transform:
  m_ObjectHideFlags: 0
  m_CorrespondingSourceObject: {fileID: 0}
  m_PrefabInstance: {fileID: 0}
  m_PrefabAsset: {fileID: 0}
  m_GameObject: {fileID: 3427807838712545267}
  m_LocalRotation: {x: 0.0022329958, y: 0.80452526, z: 0.001831892, w: 0.5939114}
  m_LocalPosition: {x: -0.087975346, y: -0.021053204, z: 0.01913346}
  m_LocalScale: {x: 1, y: 1, z: 1}
  m_Children:
  - {fileID: 5217348030823483889}
  m_Father: {fileID: 2465057418101032751}
  m_RootOrder: 0
  m_LocalEulerAnglesHint: {x: 0, y: 0, z: 0}
--- !u!1 &3455353318215083582
GameObject:
  m_ObjectHideFlags: 0
  m_CorrespondingSourceObject: {fileID: 0}
  m_PrefabInstance: {fileID: 0}
  m_PrefabAsset: {fileID: 0}
  serializedVersion: 6
  m_Component:
  - component: {fileID: 7901020745685025827}
  m_Layer: 0
  m_Name: CATRigLArmPalm
  m_TagString: Untagged
  m_Icon: {fileID: 0}
  m_NavMeshLayer: 0
  m_StaticEditorFlags: 0
  m_IsActive: 1
--- !u!4 &7901020745685025827
Transform:
  m_ObjectHideFlags: 0
  m_CorrespondingSourceObject: {fileID: 0}
  m_PrefabInstance: {fileID: 0}
  m_PrefabAsset: {fileID: 0}
  m_GameObject: {fileID: 3455353318215083582}
  m_LocalRotation: {x: -0.7061723, y: -0.0008447431, z: -0.00085257046, w: 0.7080391}
  m_LocalPosition: {x: -0.18225016, y: -0.0000000023841857, z: -0.000000076293944}
  m_LocalScale: {x: 1.00001, y: 0.999997, z: 0.999994}
  m_Children:
  - {fileID: 7709877197286365409}
  - {fileID: 3671310081521466244}
  - {fileID: 6259640337688172731}
  - {fileID: 8262756100053289423}
  m_Father: {fileID: 7494144704270601891}
  m_RootOrder: 0
  m_LocalEulerAnglesHint: {x: 0, y: 0, z: 0}
--- !u!1 &3524498335294946640
GameObject:
  m_ObjectHideFlags: 0
  m_CorrespondingSourceObject: {fileID: 0}
  m_PrefabInstance: {fileID: 0}
  m_PrefabAsset: {fileID: 0}
  serializedVersion: 6
  m_Component:
  - component: {fileID: 922893321245087086}
  m_Layer: 0
  m_Name: CATRigHub001
  m_TagString: Untagged
  m_Icon: {fileID: 0}
  m_NavMeshLayer: 0
  m_StaticEditorFlags: 0
  m_IsActive: 1
--- !u!4 &922893321245087086
Transform:
  m_ObjectHideFlags: 0
  m_CorrespondingSourceObject: {fileID: 0}
  m_PrefabInstance: {fileID: 0}
  m_PrefabAsset: {fileID: 0}
  m_GameObject: {fileID: 3524498335294946640}
  m_LocalRotation: {x: 0.50000006, y: -0.5, z: -0.49999997, w: 0.5}
  m_LocalPosition: {x: 3.5592504e-14, y: 1.1724938, z: 0.021039626}
  m_LocalScale: {x: 2.54, y: 2.54, z: 2.54}
  m_Children:
  - {fileID: 3112728368300036188}
  - {fileID: 5703156040097671998}
  - {fileID: 3495506104449985246}
  - {fileID: 8873631949905878584}
  - {fileID: 4406309859909934991}
  m_Father: {fileID: 3505148518699742789}
  m_RootOrder: 0
  m_LocalEulerAnglesHint: {x: 0, y: 0, z: 0}
--- !u!1 &3544564457107592452
GameObject:
  m_ObjectHideFlags: 0
  m_CorrespondingSourceObject: {fileID: 0}
  m_PrefabInstance: {fileID: 0}
  m_PrefabAsset: {fileID: 0}
  serializedVersion: 6
  m_Component:
  - component: {fileID: 6981344334134304464}
  m_Layer: 0
  m_Name: CATRigRLegPlatform
  m_TagString: Untagged
  m_Icon: {fileID: 0}
  m_NavMeshLayer: 0
  m_StaticEditorFlags: 0
  m_IsActive: 1
--- !u!4 &6981344334134304464
Transform:
  m_ObjectHideFlags: 0
  m_CorrespondingSourceObject: {fileID: 0}
  m_PrefabInstance: {fileID: 0}
  m_PrefabAsset: {fileID: 0}
  m_GameObject: {fileID: 3544564457107592452}
  m_LocalRotation: {x: 0.50000006, y: -0.5, z: -0.49999997, w: 0.5}
  m_LocalPosition: {x: 0.20253782, y: 0.0000000034278134, z: 0.09755921}
  m_LocalScale: {x: 2.54, y: 2.54, z: 2.54}
  m_Children: []
  m_Father: {fileID: 3505148518699742789}
  m_RootOrder: 2
  m_LocalEulerAnglesHint: {x: 0, y: 0, z: 0}
--- !u!1 &3671378920178741050
GameObject:
  m_ObjectHideFlags: 0
  m_CorrespondingSourceObject: {fileID: 0}
  m_PrefabInstance: {fileID: 0}
  m_PrefabAsset: {fileID: 0}
  serializedVersion: 6
  m_Component:
  - component: {fileID: 6494129521146265924}
  m_Layer: 0
  m_Name: CATRigRArmDigit41
  m_TagString: Untagged
  m_Icon: {fileID: 0}
  m_NavMeshLayer: 0
  m_StaticEditorFlags: 0
  m_IsActive: 1
--- !u!4 &6494129521146265924
Transform:
  m_ObjectHideFlags: 0
  m_CorrespondingSourceObject: {fileID: 0}
  m_PrefabInstance: {fileID: 0}
  m_PrefabAsset: {fileID: 0}
  m_GameObject: {fileID: 3671378920178741050}
  m_LocalRotation: {x: 0.07913631, y: 0.14809765, z: 0.045144387, w: 0.98476726}
  m_LocalPosition: {x: -0.062215004, y: -0.0052335355, z: 0.022198256}
  m_LocalScale: {x: 1.000008, y: 0.999999, z: 0.999992}
  m_Children:
  - {fileID: 6660050955854110256}
  m_Father: {fileID: 5764778295278943645}
  m_RootOrder: 3
  m_LocalEulerAnglesHint: {x: 0, y: 0, z: 0}
--- !u!1 &3727552403149112666
GameObject:
  m_ObjectHideFlags: 0
  m_CorrespondingSourceObject: {fileID: 0}
  m_PrefabInstance: {fileID: 0}
  m_PrefabAsset: {fileID: 0}
  serializedVersion: 6
  m_Component:
  - component: {fileID: 6660050955854110256}
  m_Layer: 0
  m_Name: CATRigRArmDigit42
  m_TagString: Untagged
  m_Icon: {fileID: 0}
  m_NavMeshLayer: 0
  m_StaticEditorFlags: 0
  m_IsActive: 1
--- !u!4 &6660050955854110256
Transform:
  m_ObjectHideFlags: 0
  m_CorrespondingSourceObject: {fileID: 0}
  m_PrefabInstance: {fileID: 0}
  m_PrefabAsset: {fileID: 0}
  m_GameObject: {fileID: 3727552403149112666}
  m_LocalRotation: {x: 0.0000009530491, y: -0.00000049007275, z: -0.016751992, w: 0.9998597}
  m_LocalPosition: {x: -0.018679466, y: 0, z: 0.000000019073486}
  m_LocalScale: {x: 1.00001, y: 1, z: 0.99999}
  m_Children:
  - {fileID: 3597664211836571850}
  m_Father: {fileID: 6494129521146265924}
  m_RootOrder: 0
  m_LocalEulerAnglesHint: {x: 0, y: 0, z: 0}
--- !u!1 &4036416245751805363
GameObject:
  m_ObjectHideFlags: 0
  m_CorrespondingSourceObject: {fileID: 0}
  m_PrefabInstance: {fileID: 0}
  m_PrefabAsset: {fileID: 0}
  serializedVersion: 6
  m_Component:
  - component: {fileID: 8172058384071303989}
  m_Layer: 0
  m_Name: CATRigLArmDigit32
  m_TagString: Untagged
  m_Icon: {fileID: 0}
  m_NavMeshLayer: 0
  m_StaticEditorFlags: 0
  m_IsActive: 1
--- !u!4 &8172058384071303989
Transform:
  m_ObjectHideFlags: 0
  m_CorrespondingSourceObject: {fileID: 0}
  m_PrefabInstance: {fileID: 0}
  m_PrefabAsset: {fileID: 0}
  m_GameObject: {fileID: 4036416245751805363}
  m_LocalRotation: {x: -0.0000010178093, y: -0.00000584552, z: -0.05298737, w: 0.9985952}
  m_LocalPosition: {x: -0.028026046, y: -0.000000076293944, z: -0.0000000035762786}
  m_LocalScale: {x: 0.99999, y: 1, z: 1.00001}
  m_Children:
  - {fileID: 3449798124180505843}
  m_Father: {fileID: 6259640337688172731}
  m_RootOrder: 0
  m_LocalEulerAnglesHint: {x: 0, y: 0, z: 0}
--- !u!1 &4072904563023475112
GameObject:
  m_ObjectHideFlags: 0
  m_CorrespondingSourceObject: {fileID: 0}
  m_PrefabInstance: {fileID: 0}
  m_PrefabAsset: {fileID: 0}
  serializedVersion: 6
  m_Component:
  - component: {fileID: 4406309859909934991}
  m_Layer: 0
  m_Name: CATRigRLeg1
  m_TagString: Untagged
  m_Icon: {fileID: 0}
  m_NavMeshLayer: 0
  m_StaticEditorFlags: 0
  m_IsActive: 1
--- !u!4 &4406309859909934991
Transform:
  m_ObjectHideFlags: 0
  m_CorrespondingSourceObject: {fileID: 0}
  m_PrefabInstance: {fileID: 0}
  m_PrefabAsset: {fileID: 0}
  m_GameObject: {fileID: 4072904563023475112}
  m_LocalRotation: {x: -0.05618909, y: 0.997167, z: -0.006407033, w: -0.049596056}
  m_LocalPosition: {x: -0.0032527922, y: 0.004356116, z: -0.042007044}
  m_LocalScale: {x: 1, y: 1, z: 1}
  m_Children:
  - {fileID: 8822732415439266429}
  m_Father: {fileID: 922893321245087086}
  m_RootOrder: 4
  m_LocalEulerAnglesHint: {x: 0, y: 0, z: 0}
--- !u!1 &4318699898752331007
GameObject:
  m_ObjectHideFlags: 0
  m_CorrespondingSourceObject: {fileID: 0}
  m_PrefabInstance: {fileID: 0}
  m_PrefabAsset: {fileID: 0}
  serializedVersion: 6
  m_Component:
  - component: {fileID: 3505148518699742789}
  - component: {fileID: 3976242501518101551}
  m_Layer: 0
  m_Name: Werewolf1
  m_TagString: Untagged
  m_Icon: {fileID: 0}
  m_NavMeshLayer: 0
  m_StaticEditorFlags: 0
  m_IsActive: 1
--- !u!4 &3505148518699742789
Transform:
  m_ObjectHideFlags: 0
  m_CorrespondingSourceObject: {fileID: 0}
  m_PrefabInstance: {fileID: 0}
  m_PrefabAsset: {fileID: 0}
  m_GameObject: {fileID: 4318699898752331007}
  m_LocalRotation: {x: -0, y: -0.95229524, z: -0, w: 0.30517834}
  m_LocalPosition: {x: 29.616, y: 2.28, z: 20.479}
  m_LocalScale: {x: 1, y: 1, z: 1}
  m_Children:
  - {fileID: 922893321245087086}
  - {fileID: 6256195562885966482}
  - {fileID: 6981344334134304464}
  - {fileID: 1108136784791074968}
  - {fileID: 6495293371274124895}
  m_Father: {fileID: 0}
  m_RootOrder: 0
  m_LocalEulerAnglesHint: {x: 0, y: -144.462, z: 0}
--- !u!95 &3976242501518101551
Animator:
  serializedVersion: 3
  m_ObjectHideFlags: 0
  m_CorrespondingSourceObject: {fileID: 0}
  m_PrefabInstance: {fileID: 0}
  m_PrefabAsset: {fileID: 0}
  m_GameObject: {fileID: 4318699898752331007}
  m_Enabled: 1
  m_Avatar: {fileID: 0}
  m_Controller: {fileID: 9100000, guid: 874fb9c1f5472514ca21e77091995a5e, type: 2}
  m_CullingMode: 0
  m_UpdateMode: 0
  m_ApplyRootMotion: 0
  m_LinearVelocityBlending: 0
  m_WarningMessage: 
  m_HasTransformHierarchy: 1
  m_AllowConstantClipSamplingOptimization: 1
  m_KeepAnimatorControllerStateOnDisable: 0
--- !u!1 &4615093089229217518
GameObject:
  m_ObjectHideFlags: 0
  m_CorrespondingSourceObject: {fileID: 0}
  m_PrefabInstance: {fileID: 0}
  m_PrefabAsset: {fileID: 0}
  serializedVersion: 6
  m_Component:
  - component: {fileID: 7569109526886826419}
  m_Layer: 0
  m_Name: CATRigRArmDigit23
  m_TagString: Untagged
  m_Icon: {fileID: 0}
  m_NavMeshLayer: 0
  m_StaticEditorFlags: 0
  m_IsActive: 1
--- !u!4 &7569109526886826419
Transform:
  m_ObjectHideFlags: 0
  m_CorrespondingSourceObject: {fileID: 0}
  m_PrefabInstance: {fileID: 0}
  m_PrefabAsset: {fileID: 0}
  m_GameObject: {fileID: 4615093089229217518}
  m_LocalRotation: {x: 0.0000002632224, y: -0.00000007644999, z: 0.012028607, w: 0.9999277}
  m_LocalPosition: {x: -0.020349769, y: 0, z: 0}
  m_LocalScale: {x: 0.99999, y: 1, z: 1.00001}
  m_Children: []
  m_Father: {fileID: 3342053367405106310}
  m_RootOrder: 0
  m_LocalEulerAnglesHint: {x: 0, y: 0, z: 0}
--- !u!1 &4684378188073427537
GameObject:
  m_ObjectHideFlags: 0
  m_CorrespondingSourceObject: {fileID: 0}
  m_PrefabInstance: {fileID: 0}
  m_PrefabAsset: {fileID: 0}
  serializedVersion: 6
  m_Component:
  - component: {fileID: 3559254270058819898}
  m_Layer: 0
  m_Name: CATRigRArmDigit31
  m_TagString: Untagged
  m_Icon: {fileID: 0}
  m_NavMeshLayer: 0
  m_StaticEditorFlags: 0
  m_IsActive: 1
--- !u!4 &3559254270058819898
Transform:
  m_ObjectHideFlags: 0
  m_CorrespondingSourceObject: {fileID: 0}
  m_PrefabInstance: {fileID: 0}
  m_PrefabAsset: {fileID: 0}
  m_GameObject: {fileID: 4684378188073427537}
  m_LocalRotation: {x: 0.00090036046, y: 0.027149953, z: 0.033117555, w: 0.99908227}
  m_LocalPosition: {x: -0.06203056, y: -0.0012735367, z: 0.004410989}
  m_LocalScale: {x: 1.000009, y: 1, z: 0.99999}
  m_Children:
  - {fileID: 8439611725317907291}
  m_Father: {fileID: 5764778295278943645}
  m_RootOrder: 2
  m_LocalEulerAnglesHint: {x: 0, y: 0, z: 0}
--- !u!1 &4798043270427556030
GameObject:
  m_ObjectHideFlags: 0
  m_CorrespondingSourceObject: {fileID: 0}
  m_PrefabInstance: {fileID: 0}
  m_PrefabAsset: {fileID: 0}
  serializedVersion: 6
  m_Component:
  - component: {fileID: 6256195562885966482}
  m_Layer: 0
  m_Name: CATRigLLegPlatform
  m_TagString: Untagged
  m_Icon: {fileID: 0}
  m_NavMeshLayer: 0
  m_StaticEditorFlags: 0
  m_IsActive: 1
--- !u!4 &6256195562885966482
Transform:
  m_ObjectHideFlags: 0
  m_CorrespondingSourceObject: {fileID: 0}
  m_PrefabInstance: {fileID: 0}
  m_PrefabAsset: {fileID: 0}
  m_GameObject: {fileID: 4798043270427556030}
  m_LocalRotation: {x: 0.50000006, y: -0.5, z: -0.49999997, w: 0.5}
  m_LocalPosition: {x: -0.20253785, y: 0.000000003427824, z: 0.097559154}
  m_LocalScale: {x: 2.54, y: 2.54, z: 2.54}
  m_Children: []
  m_Father: {fileID: 3505148518699742789}
  m_RootOrder: 1
  m_LocalEulerAnglesHint: {x: 0, y: 0, z: 0}
--- !u!1 &5012076253555273697
GameObject:
  m_ObjectHideFlags: 0
  m_CorrespondingSourceObject: {fileID: 0}
  m_PrefabInstance: {fileID: 0}
  m_PrefabAsset: {fileID: 0}
  serializedVersion: 6
  m_Component:
  - component: {fileID: 5819460977161440897}
  m_Layer: 0
  m_Name: CATRigHub003
  m_TagString: Untagged
  m_Icon: {fileID: 0}
  m_NavMeshLayer: 0
  m_StaticEditorFlags: 0
  m_IsActive: 1
--- !u!4 &5819460977161440897
Transform:
  m_ObjectHideFlags: 0
  m_CorrespondingSourceObject: {fileID: 0}
  m_PrefabInstance: {fileID: 0}
  m_PrefabAsset: {fileID: 0}
  m_GameObject: {fileID: 5012076253555273697}
  m_LocalRotation: {x: -0.000000021392601, y: 0.0000000029440677, z: -0.0029719297,
    w: 0.9999956}
  m_LocalPosition: {x: -0.03069233, y: 0.000000076293944, z: -6.4581396e-10}
  m_LocalScale: {x: 1, y: 1, z: 1}
  m_Children:
  - {fileID: 7033877227882803972}
  - {fileID: 5113965420462622716}
  - {fileID: 6400877069118457149}
  - {fileID: 6511889193014417194}
  - {fileID: 2796632091540482185}
  - {fileID: 3184820242154348745}
  m_Father: {fileID: 3370436906331890386}
  m_RootOrder: 0
  m_LocalEulerAnglesHint: {x: 0, y: 0, z: 0}
--- !u!1 &5024023448157556268
GameObject:
  m_ObjectHideFlags: 0
  m_CorrespondingSourceObject: {fileID: 0}
  m_PrefabInstance: {fileID: 0}
  m_PrefabAsset: {fileID: 0}
  serializedVersion: 6
  m_Component:
  - component: {fileID: 3671310081521466244}
  m_Layer: 0
  m_Name: CATRigLArmDigit21
  m_TagString: Untagged
  m_Icon: {fileID: 0}
  m_NavMeshLayer: 0
  m_StaticEditorFlags: 0
  m_IsActive: 1
--- !u!4 &3671310081521466244
Transform:
  m_ObjectHideFlags: 0
  m_CorrespondingSourceObject: {fileID: 0}
  m_PrefabInstance: {fileID: 0}
  m_PrefabAsset: {fileID: 0}
  m_GameObject: {fileID: 5024023448157556268}
  m_LocalRotation: {x: -0.0000010529005, y: 0.00000998772, z: 0.030539809, w: 0.99953353}
  m_LocalPosition: {x: -0.06263958, y: 0.0016266631, z: 0.01714986}
  m_LocalScale: {x: 1.00001, y: 1, z: 0.99999}
  m_Children:
  - {fileID: 1789853237559976745}
  m_Father: {fileID: 7901020745685025827}
  m_RootOrder: 1
  m_LocalEulerAnglesHint: {x: 0, y: 0, z: 0}
--- !u!1 &5371351331029284974
GameObject:
  m_ObjectHideFlags: 0
  m_CorrespondingSourceObject: {fileID: 0}
  m_PrefabInstance: {fileID: 0}
  m_PrefabAsset: {fileID: 0}
  serializedVersion: 6
  m_Component:
  - component: {fileID: 3370436906331890386}
  m_Layer: 0
  m_Name: CATRigSpine
  m_TagString: Untagged
  m_Icon: {fileID: 0}
  m_NavMeshLayer: 0
  m_StaticEditorFlags: 0
  m_IsActive: 1
--- !u!4 &3370436906331890386
Transform:
  m_ObjectHideFlags: 0
  m_CorrespondingSourceObject: {fileID: 0}
  m_PrefabInstance: {fileID: 0}
  m_PrefabAsset: {fileID: 0}
  m_GameObject: {fileID: 5371351331029284974}
  m_LocalRotation: {x: 0.00000003518975, y: -0.000000040433957, z: -0.5642199, w: 0.8256246}
  m_LocalPosition: {x: -0.12680027, y: 0.033914994, z: -0.000000006603488}
  m_LocalScale: {x: 1, y: 1, z: 1}
  m_Children:
  - {fileID: 5819460977161440897}
  m_Father: {fileID: 2465057418101032751}
  m_RootOrder: 2
  m_LocalEulerAnglesHint: {x: 0, y: 0, z: 0}
--- !u!1 &5547230835111219735
GameObject:
  m_ObjectHideFlags: 0
  m_CorrespondingSourceObject: {fileID: 0}
  m_PrefabInstance: {fileID: 0}
  m_PrefabAsset: {fileID: 0}
  serializedVersion: 6
  m_Component:
  - component: {fileID: 5066657842301197105}
  m_Layer: 0
  m_Name: CATRigRLegAnkle
  m_TagString: Untagged
  m_Icon: {fileID: 0}
  m_NavMeshLayer: 0
  m_StaticEditorFlags: 0
  m_IsActive: 1
--- !u!4 &5066657842301197105
Transform:
  m_ObjectHideFlags: 0
  m_CorrespondingSourceObject: {fileID: 0}
  m_PrefabInstance: {fileID: 0}
  m_PrefabAsset: {fileID: 0}
  m_GameObject: {fileID: 5547230835111219735}
  m_LocalRotation: {x: 0.005152661, y: -0.015409182, z: -0.618377, w: 0.78571373}
  m_LocalPosition: {x: -0.15537068, y: 0.000000009536743, z: 0}
  m_LocalScale: {x: 0.999998, y: 1.000001, z: 1}
  m_Children:
  - {fileID: 6338074621443671827}
  m_Father: {fileID: 8822732415439266429}
  m_RootOrder: 0
  m_LocalEulerAnglesHint: {x: 0, y: 0, z: 0}
--- !u!1 &5582838495499948568
GameObject:
  m_ObjectHideFlags: 0
  m_CorrespondingSourceObject: {fileID: 0}
  m_PrefabInstance: {fileID: 0}
  m_PrefabAsset: {fileID: 0}
  serializedVersion: 6
  m_Component:
  - component: {fileID: 3926060010627521665}
  m_Layer: 0
  m_Name: CATRigRArmDigit13
  m_TagString: Untagged
  m_Icon: {fileID: 0}
  m_NavMeshLayer: 0
  m_StaticEditorFlags: 0
  m_IsActive: 1
--- !u!4 &3926060010627521665
Transform:
  m_ObjectHideFlags: 0
  m_CorrespondingSourceObject: {fileID: 0}
  m_PrefabInstance: {fileID: 0}
  m_PrefabAsset: {fileID: 0}
  m_GameObject: {fileID: 5582838495499948568}
  m_LocalRotation: {x: -2.7200987e-15, y: -0.000000052154565, z: -0.000000052154565,
    w: 1}
  m_LocalPosition: {x: -0.015751647, y: 0, z: 0.000000076293944}
  m_LocalScale: {x: 0.99999, y: 1.00001, z: 1}
  m_Children: []
  m_Father: {fileID: 6076077605936660881}
  m_RootOrder: 0
  m_LocalEulerAnglesHint: {x: 0, y: 0, z: 0}
--- !u!1 &5615379988899949972
GameObject:
  m_ObjectHideFlags: 0
  m_CorrespondingSourceObject: {fileID: 0}
  m_PrefabInstance: {fileID: 0}
  m_PrefabAsset: {fileID: 0}
  serializedVersion: 6
  m_Component:
  - component: {fileID: 3623800389064765702}
  - component: {fileID: 8583618987367708850}
  m_Layer: 0
  m_Name: Belts_arm_Mesh
  m_TagString: Untagged
  m_Icon: {fileID: 0}
  m_NavMeshLayer: 0
  m_StaticEditorFlags: 0
  m_IsActive: 0
--- !u!4 &3623800389064765702
Transform:
  m_ObjectHideFlags: 0
  m_CorrespondingSourceObject: {fileID: 0}
  m_PrefabInstance: {fileID: 0}
  m_PrefabAsset: {fileID: 0}
  m_GameObject: {fileID: 5615379988899949972}
  m_LocalRotation: {x: 0.078483365, y: 0, z: -0, w: 0.9969154}
  m_LocalPosition: {x: -0.1635966, y: 0.038540117, z: 0.19818854}
  m_LocalScale: {x: 1.338625, y: 1.338625, z: 1.338625}
  m_Children: []
  m_Father: {fileID: 1108136784791074968}
  m_RootOrder: 1
  m_LocalEulerAnglesHint: {x: 0, y: 0, z: 0}
--- !u!137 &8583618987367708850
SkinnedMeshRenderer:
  m_ObjectHideFlags: 0
  m_CorrespondingSourceObject: {fileID: 0}
  m_PrefabInstance: {fileID: 0}
  m_PrefabAsset: {fileID: 0}
  m_GameObject: {fileID: 5615379988899949972}
  m_Enabled: 1
  m_CastShadows: 1
  m_ReceiveShadows: 1
  m_DynamicOccludee: 1
  m_MotionVectors: 1
  m_LightProbeUsage: 1
  m_ReflectionProbeUsage: 1
  m_RayTracingMode: 0
  m_RenderingLayerMask: 1
  m_RendererPriority: 0
  m_Materials:
  - {fileID: 2100000, guid: bd539bdd99cc8474ab785387da8da7fa, type: 2}
  m_StaticBatchInfo:
    firstSubMesh: 0
    subMeshCount: 0
  m_StaticBatchRoot: {fileID: 0}
  m_ProbeAnchor: {fileID: 0}
  m_LightProbeVolumeOverride: {fileID: 0}
  m_ScaleInLightmap: 1
  m_ReceiveGI: 1
  m_PreserveUVs: 0
  m_IgnoreNormalsForChartDetection: 0
  m_ImportantGI: 0
  m_StitchLightmapSeams: 1
  m_SelectedEditorRenderState: 3
  m_MinimumChartSize: 4
  m_AutoUVMaxDistance: 0.5
  m_AutoUVMaxAngle: 89
  m_LightmapParameters: {fileID: 0}
  m_SortingLayerID: 0
  m_SortingLayer: 0
  m_SortingOrder: 0
  serializedVersion: 2
  m_Quality: 0
  m_UpdateWhenOffscreen: 0
  m_SkinnedMotionVectors: 1
  m_Mesh: {fileID: -5924128757489845762, guid: f0376bfd0c35a76418dcab313ea0a509, type: 3}
  m_Bones:
  - {fileID: 5217348030823483889}
  m_BlendShapeWeights: []
  m_RootBone: {fileID: 5217348030823483889}
  m_AABB:
    m_Center: {x: -0.085029, y: 0.007130012, z: 0.008243177}
    m_Extent: {x: 0.02414646, y: 0.047635183, z: 0.035506804}
  m_DirtyAABB: 0
--- !u!1 &5770775908569446411
GameObject:
  m_ObjectHideFlags: 0
  m_CorrespondingSourceObject: {fileID: 0}
  m_PrefabInstance: {fileID: 0}
  m_PrefabAsset: {fileID: 0}
  serializedVersion: 6
  m_Component:
  - component: {fileID: 5113965420462622716}
  m_Layer: 0
  m_Name: CATRigHub003Bone002
  m_TagString: Untagged
  m_Icon: {fileID: 0}
  m_NavMeshLayer: 0
  m_StaticEditorFlags: 0
  m_IsActive: 1
--- !u!4 &5113965420462622716
Transform:
  m_ObjectHideFlags: 0
  m_CorrespondingSourceObject: {fileID: 0}
  m_PrefabInstance: {fileID: 0}
  m_PrefabAsset: {fileID: 0}
  m_GameObject: {fileID: 5770775908569446411}
  m_LocalRotation: {x: 0.23336874, y: 0.29424617, z: -0.30054995, w: 0.87671435}
  m_LocalPosition: {x: -0.05590744, y: 0.0036761474, z: 0.019652048}
  m_LocalScale: {x: 1, y: 1, z: 1}
  m_Children: []
  m_Father: {fileID: 5819460977161440897}
  m_RootOrder: 1
  m_LocalEulerAnglesHint: {x: 0, y: 0, z: 0}
--- !u!1 &5799988002074235918
GameObject:
  m_ObjectHideFlags: 0
  m_CorrespondingSourceObject: {fileID: 0}
  m_PrefabInstance: {fileID: 0}
  m_PrefabAsset: {fileID: 0}
  serializedVersion: 6
  m_Component:
  - component: {fileID: 5367774359559260534}
  - component: {fileID: 937132306458207338}
  m_Layer: 0
  m_Name: Bandage_Mesh
  m_TagString: Untagged
  m_Icon: {fileID: 0}
  m_NavMeshLayer: 0
  m_StaticEditorFlags: 0
  m_IsActive: 1
--- !u!4 &5367774359559260534
Transform:
  m_ObjectHideFlags: 0
  m_CorrespondingSourceObject: {fileID: 0}
  m_PrefabInstance: {fileID: 0}
  m_PrefabAsset: {fileID: 0}
  m_GameObject: {fileID: 5799988002074235918}
  m_LocalRotation: {x: 0.078483365, y: 0, z: -0, w: 0.9969154}
  m_LocalPosition: {x: -0, y: 0.0052204477, z: 0.01690216}
  m_LocalScale: {x: 1.338625, y: 1.338625, z: 1.338625}
  m_Children: []
  m_Father: {fileID: 1108136784791074968}
  m_RootOrder: 0
  m_LocalEulerAnglesHint: {x: 0, y: 0, z: 0}
--- !u!137 &937132306458207338
SkinnedMeshRenderer:
  m_ObjectHideFlags: 0
  m_CorrespondingSourceObject: {fileID: 0}
  m_PrefabInstance: {fileID: 0}
  m_PrefabAsset: {fileID: 0}
  m_GameObject: {fileID: 5799988002074235918}
  m_Enabled: 1
  m_CastShadows: 1
  m_ReceiveShadows: 1
  m_DynamicOccludee: 1
  m_MotionVectors: 1
  m_LightProbeUsage: 1
  m_ReflectionProbeUsage: 1
  m_RayTracingMode: 0
  m_RenderingLayerMask: 1
  m_RendererPriority: 0
  m_Materials:
  - {fileID: 2100000, guid: bd539bdd99cc8474ab785387da8da7fa, type: 2}
  m_StaticBatchInfo:
    firstSubMesh: 0
    subMeshCount: 0
  m_StaticBatchRoot: {fileID: 0}
  m_ProbeAnchor: {fileID: 0}
  m_LightProbeVolumeOverride: {fileID: 0}
  m_ScaleInLightmap: 1
  m_ReceiveGI: 1
  m_PreserveUVs: 0
  m_IgnoreNormalsForChartDetection: 0
  m_ImportantGI: 0
  m_StitchLightmapSeams: 1
  m_SelectedEditorRenderState: 3
  m_MinimumChartSize: 4
  m_AutoUVMaxDistance: 0.5
  m_AutoUVMaxAngle: 89
  m_LightmapParameters: {fileID: 0}
  m_SortingLayerID: 0
  m_SortingLayer: 0
  m_SortingOrder: 0
  serializedVersion: 2
  m_Quality: 0
  m_UpdateWhenOffscreen: 0
  m_SkinnedMotionVectors: 1
  m_Mesh: {fileID: 4308391024189375063, guid: f0376bfd0c35a76418dcab313ea0a509, type: 3}
  m_Bones:
  - {fileID: 922893321245087086}
  - {fileID: 3112728368300036188}
  - {fileID: 4573237760891772210}
  - {fileID: 9152277149674655901}
  - {fileID: 5703156040097671998}
  - {fileID: 3302591957972517549}
  - {fileID: 1249058116959506975}
  - {fileID: 8873631949905878584}
  - {fileID: 4406309859909934991}
  m_BlendShapeWeights: []
  m_RootBone: {fileID: 922893321245087086}
  m_AABB:
    m_Center: {x: 0.049199924, y: -0.0031576715, z: 0}
    m_Extent: {x: 0.11016172, y: 0.070457324, z: 0.08047755}
  m_DirtyAABB: 0
--- !u!1 &5932935110263504062
GameObject:
  m_ObjectHideFlags: 0
  m_CorrespondingSourceObject: {fileID: 0}
  m_PrefabInstance: {fileID: 0}
  m_PrefabAsset: {fileID: 0}
  serializedVersion: 6
  m_Component:
  - component: {fileID: 6057578534916772676}
  m_Layer: 0
  m_Name: CATRigLLegDigit11
  m_TagString: Untagged
  m_Icon: {fileID: 0}
  m_NavMeshLayer: 0
  m_StaticEditorFlags: 0
  m_IsActive: 1
--- !u!4 &6057578534916772676
Transform:
  m_ObjectHideFlags: 0
  m_CorrespondingSourceObject: {fileID: 0}
  m_PrefabInstance: {fileID: 0}
  m_PrefabAsset: {fileID: 0}
  m_GameObject: {fileID: 5932935110263504062}
  m_LocalRotation: {x: -0.02092075, y: 0.0013435698, z: -0.28904834, w: 0.95708495}
  m_LocalPosition: {x: -0.12789854, y: 0.000000009536743, z: -0.000000009536743}
  m_LocalScale: {x: 1.000003, y: 0.999998, z: 1}
  m_Children: []
  m_Father: {fileID: 6480854475410408006}
  m_RootOrder: 0
  m_LocalEulerAnglesHint: {x: 0, y: 0, z: 0}
--- !u!1 &5981245326255920889
GameObject:
  m_ObjectHideFlags: 0
  m_CorrespondingSourceObject: {fileID: 0}
  m_PrefabInstance: {fileID: 0}
  m_PrefabAsset: {fileID: 0}
  serializedVersion: 6
  m_Component:
  - component: {fileID: 1249058116959506975}
  m_Layer: 0
  m_Name: CATRigHub001Bone002Bone001Bone001
  m_TagString: Untagged
  m_Icon: {fileID: 0}
  m_NavMeshLayer: 0
  m_StaticEditorFlags: 0
  m_IsActive: 1
--- !u!4 &1249058116959506975
Transform:
  m_ObjectHideFlags: 0
  m_CorrespondingSourceObject: {fileID: 0}
  m_PrefabInstance: {fileID: 0}
  m_PrefabAsset: {fileID: 0}
  m_GameObject: {fileID: 5981245326255920889}
  m_LocalRotation: {x: -6.605826e-15, y: -4.4408916e-16, z: -2.9335757e-30, w: 1}
  m_LocalPosition: {x: -0.050236892, y: 0, z: -5.684342e-16}
  m_LocalScale: {x: 1, y: 1, z: 1}
  m_Children: []
  m_Father: {fileID: 3302591957972517549}
  m_RootOrder: 0
  m_LocalEulerAnglesHint: {x: 0, y: 0, z: 0}
--- !u!1 &6030388417561394706
GameObject:
  m_ObjectHideFlags: 0
  m_CorrespondingSourceObject: {fileID: 0}
  m_PrefabInstance: {fileID: 0}
  m_PrefabAsset: {fileID: 0}
  serializedVersion: 6
  m_Component:
  - component: {fileID: 1869451108281309510}
  m_Layer: 0
  m_Name: CATRigRArmDigit11
  m_TagString: Untagged
  m_Icon: {fileID: 0}
  m_NavMeshLayer: 0
  m_StaticEditorFlags: 0
  m_IsActive: 1
--- !u!4 &1869451108281309510
Transform:
  m_ObjectHideFlags: 0
  m_CorrespondingSourceObject: {fileID: 0}
  m_PrefabInstance: {fileID: 0}
  m_PrefabAsset: {fileID: 0}
  m_GameObject: {fileID: 6030388417561394706}
  m_LocalRotation: {x: -0.40798053, y: -0.31616977, z: -0.02124363, w: 0.8562344}
  m_LocalPosition: {x: -0.011493492, y: -0.0090795895, z: -0.023848984}
  m_LocalScale: {x: 0.999985, y: 1.000003, z: 1.00001}
  m_Children:
  - {fileID: 6076077605936660881}
  m_Father: {fileID: 5764778295278943645}
  m_RootOrder: 0
  m_LocalEulerAnglesHint: {x: 0, y: 0, z: 0}
--- !u!1 &6153858591210781722
GameObject:
  m_ObjectHideFlags: 0
  m_CorrespondingSourceObject: {fileID: 0}
  m_PrefabInstance: {fileID: 0}
  m_PrefabAsset: {fileID: 0}
  serializedVersion: 6
  m_Component:
  - component: {fileID: 1607470491558525083}
  m_Layer: 0
  m_Name: CATRigRArm2
  m_TagString: Untagged
  m_Icon: {fileID: 0}
  m_NavMeshLayer: 0
  m_StaticEditorFlags: 0
  m_IsActive: 1
--- !u!4 &1607470491558525083
Transform:
  m_ObjectHideFlags: 0
  m_CorrespondingSourceObject: {fileID: 0}
  m_PrefabInstance: {fileID: 0}
  m_PrefabAsset: {fileID: 0}
  m_GameObject: {fileID: 6153858591210781722}
  m_LocalRotation: {x: 0.0047342917, y: 0.04554765, z: 0.010988865, w: 0.9988905}
  m_LocalPosition: {x: -0.12684838, y: 0, z: 0}
  m_LocalScale: {x: 1.000004, y: 0.999997, z: 1}
  m_Children:
  - {fileID: 5764778295278943645}
  - {fileID: 4412231852290143081}
  - {fileID: 5338086790252869050}
  m_Father: {fileID: 2669505678140319769}
  m_RootOrder: 0
  m_LocalEulerAnglesHint: {x: 0, y: 0, z: 0}
--- !u!1 &6175780440738704356
GameObject:
  m_ObjectHideFlags: 0
  m_CorrespondingSourceObject: {fileID: 0}
  m_PrefabInstance: {fileID: 0}
  m_PrefabAsset: {fileID: 0}
  serializedVersion: 6
  m_Component:
  - component: {fileID: 4925083252960816447}
  m_Layer: 0
  m_Name: CATRigRArmDigit21
  m_TagString: Untagged
  m_Icon: {fileID: 0}
  m_NavMeshLayer: 0
  m_StaticEditorFlags: 0
  m_IsActive: 1
--- !u!4 &4925083252960816447
Transform:
  m_ObjectHideFlags: 0
  m_CorrespondingSourceObject: {fileID: 0}
  m_PrefabInstance: {fileID: 0}
  m_PrefabAsset: {fileID: 0}
  m_GameObject: {fileID: 6175780440738704356}
  m_LocalRotation: {x: 0.0000009571385, y: -0.000009941368, z: 0.030539244, w: 0.9995336}
  m_LocalPosition: {x: -0.06263836, y: 0.0016266631, z: -0.017149856}
  m_LocalScale: {x: 0.99999, y: 1, z: 1.00001}
  m_Children:
  - {fileID: 3342053367405106310}
  m_Father: {fileID: 5764778295278943645}
  m_RootOrder: 1
  m_LocalEulerAnglesHint: {x: 0, y: 0, z: 0}
--- !u!1 &6342992608843199991
GameObject:
  m_ObjectHideFlags: 0
  m_CorrespondingSourceObject: {fileID: 0}
  m_PrefabInstance: {fileID: 0}
  m_PrefabAsset: {fileID: 0}
  serializedVersion: 6
  m_Component:
  - component: {fileID: 8822732415439266429}
  m_Layer: 0
  m_Name: CATRigRLeg2
  m_TagString: Untagged
  m_Icon: {fileID: 0}
  m_NavMeshLayer: 0
  m_StaticEditorFlags: 0
  m_IsActive: 1
--- !u!4 &8822732415439266429
Transform:
  m_ObjectHideFlags: 0
  m_CorrespondingSourceObject: {fileID: 0}
  m_PrefabInstance: {fileID: 0}
  m_PrefabAsset: {fileID: 0}
  m_GameObject: {fileID: 6342992608843199991}
  m_LocalRotation: {x: 0.006424221, y: -0.004337567, z: 0.42053092, w: 0.9072451}
  m_LocalPosition: {x: -0.2100652, y: -0.00000012874602, z: 0.0000000667572}
  m_LocalScale: {x: 0.999999, y: 1.000001, z: 1}
  m_Children:
  - {fileID: 5066657842301197105}
  m_Father: {fileID: 4406309859909934991}
  m_RootOrder: 0
  m_LocalEulerAnglesHint: {x: 0, y: 0, z: 0}
--- !u!1 &6352742776937091216
GameObject:
  m_ObjectHideFlags: 0
  m_CorrespondingSourceObject: {fileID: 0}
  m_PrefabInstance: {fileID: 0}
  m_PrefabAsset: {fileID: 0}
  serializedVersion: 6
  m_Component:
  - component: {fileID: 2891077615444145828}
  m_Layer: 0
  m_Name: CATRigLArmDigit43
  m_TagString: Untagged
  m_Icon: {fileID: 0}
  m_NavMeshLayer: 0
  m_StaticEditorFlags: 0
  m_IsActive: 1
--- !u!4 &2891077615444145828
Transform:
  m_ObjectHideFlags: 0
  m_CorrespondingSourceObject: {fileID: 0}
  m_PrefabInstance: {fileID: 0}
  m_PrefabAsset: {fileID: 0}
  m_GameObject: {fileID: 6352742776937091216}
  m_LocalRotation: {x: -0.00000040988118, y: 4.405137e-10, z: 0.020511173, w: 0.99978966}
  m_LocalPosition: {x: -0.01591301, y: 0.000000076293944, z: -0.000000019073486}
  m_LocalScale: {x: 1, y: 0.99999, z: 1.000009}
  m_Children: []
  m_Father: {fileID: 3479848486385718791}
  m_RootOrder: 0
  m_LocalEulerAnglesHint: {x: 0, y: 0, z: 0}
--- !u!1 &6486688807295763700
GameObject:
  m_ObjectHideFlags: 0
  m_CorrespondingSourceObject: {fileID: 0}
  m_PrefabInstance: {fileID: 0}
  m_PrefabAsset: {fileID: 0}
  serializedVersion: 6
  m_Component:
  - component: {fileID: 1108136784791074968}
  m_Layer: 0
  m_Name: Character
  m_TagString: Untagged
  m_Icon: {fileID: 0}
  m_NavMeshLayer: 0
  m_StaticEditorFlags: 0
  m_IsActive: 1
--- !u!4 &1108136784791074968
Transform:
  m_ObjectHideFlags: 0
  m_CorrespondingSourceObject: {fileID: 0}
  m_PrefabInstance: {fileID: 0}
  m_PrefabAsset: {fileID: 0}
  m_GameObject: {fileID: 6486688807295763700}
  m_LocalRotation: {x: -0.7071068, y: 0, z: -0, w: 0.7071068}
  m_LocalPosition: {x: -0, y: 1.0097826, z: 0.041899223}
  m_LocalScale: {x: 2.54, y: 2.54, z: 2.54}
  m_Children:
  - {fileID: 5367774359559260534}
  - {fileID: 3623800389064765702}
  - {fileID: 40702599546822594}
  - {fileID: 595995194006922755}
  m_Father: {fileID: 3505148518699742789}
  m_RootOrder: 3
  m_LocalEulerAnglesHint: {x: 0, y: 0, z: 0}
--- !u!1 &6532887353704813271
GameObject:
  m_ObjectHideFlags: 0
  m_CorrespondingSourceObject: {fileID: 0}
  m_PrefabInstance: {fileID: 0}
  m_PrefabAsset: {fileID: 0}
  serializedVersion: 6
  m_Component:
  - component: {fileID: 7494144704270601891}
  m_Layer: 0
  m_Name: CATRigLArm2
  m_TagString: Untagged
  m_Icon: {fileID: 0}
  m_NavMeshLayer: 0
  m_StaticEditorFlags: 0
  m_IsActive: 1
--- !u!4 &7494144704270601891
Transform:
  m_ObjectHideFlags: 0
  m_CorrespondingSourceObject: {fileID: 0}
  m_PrefabInstance: {fileID: 0}
  m_PrefabAsset: {fileID: 0}
  m_GameObject: {fileID: 6532887353704813271}
  m_LocalRotation: {x: -0.0047343145, y: -0.045547448, z: 0.01098886, w: 0.9988905}
  m_LocalPosition: {x: -0.12684837, y: 0.0000000023841857, z: -0.000000076293944}
  m_LocalScale: {x: 1.000003, y: 0.999997, z: 1}
  m_Children:
  - {fileID: 7901020745685025827}
  - {fileID: 7977163505911573196}
  - {fileID: 6151348421884795773}
  m_Father: {fileID: 5217348030823483889}
  m_RootOrder: 0
  m_LocalEulerAnglesHint: {x: 0, y: 0, z: 0}
--- !u!1 &6573061961261436231
GameObject:
  m_ObjectHideFlags: 0
  m_CorrespondingSourceObject: {fileID: 0}
  m_PrefabInstance: {fileID: 0}
  m_PrefabAsset: {fileID: 0}
  serializedVersion: 6
  m_Component:
  - component: {fileID: 3112728368300036188}
  m_Layer: 0
  m_Name: CATRigHub001Bone001
  m_TagString: Untagged
  m_Icon: {fileID: 0}
  m_NavMeshLayer: 0
  m_StaticEditorFlags: 0
  m_IsActive: 1
--- !u!4 &3112728368300036188
Transform:
  m_ObjectHideFlags: 0
  m_CorrespondingSourceObject: {fileID: 0}
  m_PrefabInstance: {fileID: 0}
  m_PrefabAsset: {fileID: 0}
  m_GameObject: {fileID: 6573061961261436231}
  m_LocalRotation: {x: -1.22816914e-14, y: 1.747883e-14, z: 0.9997936, w: -0.020317424}
  m_LocalPosition: {x: -0.020614661, y: 0.052360486, z: -3.410605e-15}
  m_LocalScale: {x: 1, y: 1, z: 1}
  m_Children:
  - {fileID: 4573237760891772210}
  m_Father: {fileID: 922893321245087086}
  m_RootOrder: 0
  m_LocalEulerAnglesHint: {x: 0, y: 0, z: 0}
--- !u!1 &6621399595707193364
GameObject:
  m_ObjectHideFlags: 0
  m_CorrespondingSourceObject: {fileID: 0}
  m_PrefabInstance: {fileID: 0}
  m_PrefabAsset: {fileID: 0}
  serializedVersion: 6
  m_Component:
  - component: {fileID: 6338074621443671827}
  m_Layer: 0
  m_Name: CATRigRLegDigit11
  m_TagString: Untagged
  m_Icon: {fileID: 0}
  m_NavMeshLayer: 0
  m_StaticEditorFlags: 0
  m_IsActive: 1
--- !u!4 &6338074621443671827
Transform:
  m_ObjectHideFlags: 0
  m_CorrespondingSourceObject: {fileID: 0}
  m_PrefabInstance: {fileID: 0}
  m_PrefabAsset: {fileID: 0}
  m_GameObject: {fileID: 6621399595707193364}
  m_LocalRotation: {x: 0.020967595, y: -0.00149736, z: -0.2889857, w: 0.95710266}
  m_LocalPosition: {x: -0.12789851, y: -0.0000000047683715, z: 0}
  m_LocalScale: {x: 1, y: 1.000001, z: 1}
  m_Children: []
  m_Father: {fileID: 5066657842301197105}
  m_RootOrder: 0
  m_LocalEulerAnglesHint: {x: 0, y: 0, z: 0}
--- !u!1 &6684278957847473073
GameObject:
  m_ObjectHideFlags: 0
  m_CorrespondingSourceObject: {fileID: 0}
  m_PrefabInstance: {fileID: 0}
  m_PrefabAsset: {fileID: 0}
  serializedVersion: 6
  m_Component:
  - component: {fileID: 8253860200324232767}
  m_Layer: 0
  m_Name: CATRigLArmDigit12
  m_TagString: Untagged
  m_Icon: {fileID: 0}
  m_NavMeshLayer: 0
  m_StaticEditorFlags: 0
  m_IsActive: 1
--- !u!4 &8253860200324232767
Transform:
  m_ObjectHideFlags: 0
  m_CorrespondingSourceObject: {fileID: 0}
  m_PrefabInstance: {fileID: 0}
  m_PrefabAsset: {fileID: 0}
  m_GameObject: {fileID: 6684278957847473073}
  m_LocalRotation: {x: 0.00000005960522, y: 0.000000074505095, z: -0.00000013410919,
    w: 1}
  m_LocalPosition: {x: -0.029863434, y: 0.000000038146972, z: 0}
  m_LocalScale: {x: 1.000009, y: 0.99999, z: 1.000001}
  m_Children:
  - {fileID: 4322284608035929734}
  m_Father: {fileID: 7709877197286365409}
  m_RootOrder: 0
  m_LocalEulerAnglesHint: {x: 0, y: 0, z: 0}
--- !u!1 &6697773763836928276
GameObject:
  m_ObjectHideFlags: 0
  m_CorrespondingSourceObject: {fileID: 0}
  m_PrefabInstance: {fileID: 0}
  m_PrefabAsset: {fileID: 0}
  serializedVersion: 6
  m_Component:
  - component: {fileID: 7327709283417269873}
  m_Layer: 0
  m_Name: CATRigSpine1
  m_TagString: Untagged
  m_Icon: {fileID: 0}
  m_NavMeshLayer: 0
  m_StaticEditorFlags: 0
  m_IsActive: 1
--- !u!4 &7327709283417269873
Transform:
  m_ObjectHideFlags: 0
  m_CorrespondingSourceObject: {fileID: 0}
  m_PrefabInstance: {fileID: 0}
  m_PrefabAsset: {fileID: 0}
  m_GameObject: {fileID: 6697773763836928276}
  m_LocalRotation: {x: 2.4868994e-14, y: 1.1782303e-13, z: -2.9301402e-27, w: 1}
  m_LocalPosition: {x: -0.054943617, y: -0.015715726, z: 0.0000000030599676}
  m_LocalScale: {x: 1, y: 1, z: 1}
  m_Children:
  - {fileID: 6463194539987797743}
  m_Father: {fileID: 3495506104449985246}
  m_RootOrder: 0
  m_LocalEulerAnglesHint: {x: 0, y: 0, z: 0}
--- !u!1 &6889823962542859107
GameObject:
  m_ObjectHideFlags: 0
  m_CorrespondingSourceObject: {fileID: 0}
  m_PrefabInstance: {fileID: 0}
  m_PrefabAsset: {fileID: 0}
  serializedVersion: 6
  m_Component:
  - component: {fileID: 40702599546822594}
  - component: {fileID: 4504496534029028040}
  m_Layer: 0
  m_Name: Belts_chest_Mesh
  m_TagString: Untagged
  m_Icon: {fileID: 0}
  m_NavMeshLayer: 0
  m_StaticEditorFlags: 0
  m_IsActive: 1
--- !u!4 &40702599546822594
Transform:
  m_ObjectHideFlags: 0
  m_CorrespondingSourceObject: {fileID: 0}
  m_PrefabInstance: {fileID: 0}
  m_PrefabAsset: {fileID: 0}
  m_GameObject: {fileID: 6889823962542859107}
  m_LocalRotation: {x: 0.078483365, y: 0, z: -0, w: 0.9969154}
  m_LocalPosition: {x: -0, y: 0.02478117, z: 0.24767414}
  m_LocalScale: {x: 1.338625, y: 1.338625, z: 1.338625}
  m_Children: []
  m_Father: {fileID: 1108136784791074968}
  m_RootOrder: 2
  m_LocalEulerAnglesHint: {x: 0, y: 0, z: 0}
--- !u!137 &4504496534029028040
SkinnedMeshRenderer:
  m_ObjectHideFlags: 0
  m_CorrespondingSourceObject: {fileID: 0}
  m_PrefabInstance: {fileID: 0}
  m_PrefabAsset: {fileID: 0}
  m_GameObject: {fileID: 6889823962542859107}
  m_Enabled: 1
  m_CastShadows: 1
  m_ReceiveShadows: 1
  m_DynamicOccludee: 1
  m_MotionVectors: 1
  m_LightProbeUsage: 1
  m_ReflectionProbeUsage: 1
  m_RayTracingMode: 0
  m_RenderingLayerMask: 1
  m_RendererPriority: 0
  m_Materials:
  - {fileID: 2100000, guid: bd539bdd99cc8474ab785387da8da7fa, type: 2}
  m_StaticBatchInfo:
    firstSubMesh: 0
    subMeshCount: 0
  m_StaticBatchRoot: {fileID: 0}
  m_ProbeAnchor: {fileID: 0}
  m_LightProbeVolumeOverride: {fileID: 0}
  m_ScaleInLightmap: 1
  m_ReceiveGI: 1
  m_PreserveUVs: 0
  m_IgnoreNormalsForChartDetection: 0
  m_ImportantGI: 0
  m_StitchLightmapSeams: 1
  m_SelectedEditorRenderState: 3
  m_MinimumChartSize: 4
  m_AutoUVMaxDistance: 0.5
  m_AutoUVMaxAngle: 89
  m_LightmapParameters: {fileID: 0}
  m_SortingLayerID: 0
  m_SortingLayer: 0
  m_SortingOrder: 0
  serializedVersion: 2
  m_Quality: 0
  m_UpdateWhenOffscreen: 0
  m_SkinnedMotionVectors: 1
  m_Mesh: {fileID: -1964582131568360336, guid: f0376bfd0c35a76418dcab313ea0a509, type: 3}
  m_Bones:
  - {fileID: 2465057418101032751}
  - {fileID: 2037478036337625941}
  - {fileID: 2874577096324282463}
  m_BlendShapeWeights: []
  m_RootBone: {fileID: 2465057418101032751}
  m_AABB:
    m_Center: {x: -0.057375215, y: -0.0036486536, z: 0}
    m_Extent: {x: 0.065082595, y: 0.104181804, z: 0.09730843}
  m_DirtyAABB: 0
--- !u!1 &6906814784477427312
GameObject:
  m_ObjectHideFlags: 0
  m_CorrespondingSourceObject: {fileID: 0}
  m_PrefabInstance: {fileID: 0}
  m_PrefabAsset: {fileID: 0}
  serializedVersion: 6
  m_Component:
  - component: {fileID: 6076077605936660881}
  m_Layer: 0
  m_Name: CATRigRArmDigit12
  m_TagString: Untagged
  m_Icon: {fileID: 0}
  m_NavMeshLayer: 0
  m_StaticEditorFlags: 0
  m_IsActive: 1
--- !u!4 &6076077605936660881
Transform:
  m_ObjectHideFlags: 0
  m_CorrespondingSourceObject: {fileID: 0}
  m_PrefabInstance: {fileID: 0}
  m_PrefabAsset: {fileID: 0}
  m_GameObject: {fileID: 6906814784477427312}
  m_LocalRotation: {x: 0, y: 0, z: -0.00000005960522, w: 1}
  m_LocalPosition: {x: -0.029863434, y: 0, z: 0}
  m_LocalScale: {x: 0.99999, y: 1.00001, z: 1}
  m_Children:
  - {fileID: 3926060010627521665}
  m_Father: {fileID: 1869451108281309510}
  m_RootOrder: 0
  m_LocalEulerAnglesHint: {x: 0, y: 0, z: 0}
--- !u!1 &6942970553326585043
GameObject:
  m_ObjectHideFlags: 0
  m_CorrespondingSourceObject: {fileID: 0}
  m_PrefabInstance: {fileID: 0}
  m_PrefabAsset: {fileID: 0}
  serializedVersion: 6
  m_Component:
  - component: {fileID: 3449798124180505843}
  m_Layer: 0
  m_Name: CATRigLArmDigit33
  m_TagString: Untagged
  m_Icon: {fileID: 0}
  m_NavMeshLayer: 0
  m_StaticEditorFlags: 0
  m_IsActive: 1
--- !u!4 &3449798124180505843
Transform:
  m_ObjectHideFlags: 0
  m_CorrespondingSourceObject: {fileID: 0}
  m_PrefabInstance: {fileID: 0}
  m_PrefabAsset: {fileID: 0}
  m_GameObject: {fileID: 6942970553326585043}
  m_LocalRotation: {x: 0.00000069073155, y: 0.000006498958, z: 0.0633505, w: 0.9979913}
  m_LocalPosition: {x: -0.026851386, y: 0.000000038146972, z: 0.0000000011920929}
  m_LocalScale: {x: 0.99999, y: 1, z: 1.000009}
  m_Children: []
  m_Father: {fileID: 8172058384071303989}
  m_RootOrder: 0
  m_LocalEulerAnglesHint: {x: 0, y: 0, z: 0}
--- !u!1 &7095512812981797433
GameObject:
  m_ObjectHideFlags: 0
  m_CorrespondingSourceObject: {fileID: 0}
  m_PrefabInstance: {fileID: 0}
  m_PrefabAsset: {fileID: 0}
  serializedVersion: 6
  m_Component:
  - component: {fileID: 2037478036337625941}
  m_Layer: 0
  m_Name: CATRigRArmCollarbone
  m_TagString: Untagged
  m_Icon: {fileID: 0}
  m_NavMeshLayer: 0
  m_StaticEditorFlags: 0
  m_IsActive: 1
--- !u!4 &2037478036337625941
Transform:
  m_ObjectHideFlags: 0
  m_CorrespondingSourceObject: {fileID: 0}
  m_PrefabInstance: {fileID: 0}
  m_PrefabAsset: {fileID: 0}
  m_GameObject: {fileID: 7095512812981797433}
  m_LocalRotation: {x: -0.0022330733, y: -0.80452526, z: 0.0018317862, w: 0.5939114}
  m_LocalPosition: {x: -0.087975346, y: -0.021053206, z: -0.019133456}
  m_LocalScale: {x: 1, y: 1, z: 1}
  m_Children:
  - {fileID: 2669505678140319769}
  m_Father: {fileID: 2465057418101032751}
  m_RootOrder: 1
  m_LocalEulerAnglesHint: {x: 0, y: 0, z: 0}
--- !u!1 &7325821700939245182
GameObject:
  m_ObjectHideFlags: 0
  m_CorrespondingSourceObject: {fileID: 0}
  m_PrefabInstance: {fileID: 0}
  m_PrefabAsset: {fileID: 0}
  serializedVersion: 6
  m_Component:
  - component: {fileID: 5764778295278943645}
  m_Layer: 0
  m_Name: CATRigRArmPalm
  m_TagString: Untagged
  m_Icon: {fileID: 0}
  m_NavMeshLayer: 0
  m_StaticEditorFlags: 0
  m_IsActive: 1
--- !u!4 &5764778295278943645
Transform:
  m_ObjectHideFlags: 0
  m_CorrespondingSourceObject: {fileID: 0}
  m_PrefabInstance: {fileID: 0}
  m_PrefabAsset: {fileID: 0}
  m_GameObject: {fileID: 7325821700939245182}
  m_LocalRotation: {x: 0.7061723, y: 0.0008447352, z: -0.0008525799, w: 0.70803905}
  m_LocalPosition: {x: -0.18225019, y: 0, z: 0.000000076293944}
  m_LocalScale: {x: 0.999991, y: 0.999997, z: 1.000013}
  m_Children:
  - {fileID: 1869451108281309510}
  - {fileID: 4925083252960816447}
  - {fileID: 3559254270058819898}
  - {fileID: 6494129521146265924}
  m_Father: {fileID: 1607470491558525083}
  m_RootOrder: 0
  m_LocalEulerAnglesHint: {x: 0, y: 0, z: 0}
--- !u!1 &7372819188980667731
GameObject:
  m_ObjectHideFlags: 0
  m_CorrespondingSourceObject: {fileID: 0}
  m_PrefabInstance: {fileID: 0}
  m_PrefabAsset: {fileID: 0}
  serializedVersion: 6
  m_Component:
  - component: {fileID: 595995194006922755}
  - component: {fileID: 1233434846897571121}
  m_Layer: 0
  m_Name: Body_Mesh
  m_TagString: Untagged
  m_Icon: {fileID: 0}
  m_NavMeshLayer: 0
  m_StaticEditorFlags: 0
  m_IsActive: 1
--- !u!4 &595995194006922755
Transform:
  m_ObjectHideFlags: 0
  m_CorrespondingSourceObject: {fileID: 0}
  m_PrefabInstance: {fileID: 0}
  m_PrefabAsset: {fileID: 0}
  m_GameObject: {fileID: 7372819188980667731}
  m_LocalRotation: {x: 0, y: -0, z: -0, w: 1}
  m_LocalPosition: {x: 0.0000000063830616, y: -0.003674153, z: 0}
  m_LocalScale: {x: 1.338625, y: 1.338625, z: 1.338625}
  m_Children: []
  m_Father: {fileID: 1108136784791074968}
  m_RootOrder: 3
  m_LocalEulerAnglesHint: {x: 0, y: 0, z: 0}
--- !u!137 &1233434846897571121
SkinnedMeshRenderer:
  m_ObjectHideFlags: 0
  m_CorrespondingSourceObject: {fileID: 0}
  m_PrefabInstance: {fileID: 0}
  m_PrefabAsset: {fileID: 0}
  m_GameObject: {fileID: 7372819188980667731}
  m_Enabled: 1
  m_CastShadows: 1
  m_ReceiveShadows: 1
  m_DynamicOccludee: 1
  m_MotionVectors: 1
  m_LightProbeUsage: 1
  m_ReflectionProbeUsage: 1
  m_RayTracingMode: 0
  m_RenderingLayerMask: 1
  m_RendererPriority: 0
  m_Materials:
  - {fileID: 2100000, guid: bd539bdd99cc8474ab785387da8da7fa, type: 2}
  m_StaticBatchInfo:
    firstSubMesh: 0
    subMeshCount: 0
  m_StaticBatchRoot: {fileID: 0}
  m_ProbeAnchor: {fileID: 0}
  m_LightProbeVolumeOverride: {fileID: 0}
  m_ScaleInLightmap: 1
  m_ReceiveGI: 1
  m_PreserveUVs: 0
  m_IgnoreNormalsForChartDetection: 0
  m_ImportantGI: 0
  m_StitchLightmapSeams: 1
  m_SelectedEditorRenderState: 3
  m_MinimumChartSize: 4
  m_AutoUVMaxDistance: 0.5
  m_AutoUVMaxAngle: 89
  m_LightmapParameters: {fileID: 0}
  m_SortingLayerID: 0
  m_SortingLayer: 0
  m_SortingOrder: 0
  serializedVersion: 2
  m_Quality: 0
  m_UpdateWhenOffscreen: 0
  m_SkinnedMotionVectors: 1
  m_Mesh: {fileID: 3312548062075476057, guid: f0376bfd0c35a76418dcab313ea0a509, type: 3}
  m_Bones:
  - {fileID: 5819460977161440897}
  - {fileID: 5113965420462622716}
  - {fileID: 7033877227882803972}
  - {fileID: 2465057418101032751}
  - {fileID: 3370436906331890386}
  - {fileID: 2037478036337625941}
  - {fileID: 6463194539987797743}
  - {fileID: 2874577096324282463}
  - {fileID: 5217348030823483889}
  - {fileID: 7327709283417269873}
  - {fileID: 922893321245087086}
  - {fileID: 8873631949905878584}
  - {fileID: 4406309859909934991}
  - {fileID: 5598029928624559741}
  - {fileID: 6480854475410408006}
  - {fileID: 6057578534916772676}
  - {fileID: 7494144704270601891}
  - {fileID: 7901020745685025827}
  - {fileID: 7709877197286365409}
  - {fileID: 8253860200324232767}
  - {fileID: 4322284608035929734}
  - {fileID: 3671310081521466244}
  - {fileID: 1789853237559976745}
  - {fileID: 4415867956059233923}
  - {fileID: 6259640337688172731}
  - {fileID: 8172058384071303989}
  - {fileID: 3449798124180505843}
  - {fileID: 8262756100053289423}
  - {fileID: 3479848486385718791}
  - {fileID: 2891077615444145828}
  - {fileID: 6400877069118457149}
  - {fileID: 2669505678140319769}
  - {fileID: 8822732415439266429}
  - {fileID: 5066657842301197105}
  - {fileID: 6338074621443671827}
  - {fileID: 1607470491558525083}
  - {fileID: 5764778295278943645}
  - {fileID: 3926060010627521665}
  - {fileID: 6076077605936660881}
  - {fileID: 1869451108281309510}
  - {fileID: 4925083252960816447}
  - {fileID: 3342053367405106310}
  - {fileID: 7569109526886826419}
  - {fileID: 3559254270058819898}
  - {fileID: 8439611725317907291}
  - {fileID: 7210309511313611831}
  - {fileID: 6494129521146265924}
  - {fileID: 6660050955854110256}
  - {fileID: 3597664211836571850}
  m_BlendShapeWeights: []
  m_RootBone: {fileID: 922893321245087086}
  m_AABB:
    m_Center: {x: 0.064644665, y: 0.010257989, z: 0.000000059604645}
    m_Extent: {x: 0.43100935, y: 0.14289904, z: 0.572078}
  m_DirtyAABB: 0
--- !u!1 &7469362662853469739
GameObject:
  m_ObjectHideFlags: 0
  m_CorrespondingSourceObject: {fileID: 0}
  m_PrefabInstance: {fileID: 0}
  m_PrefabAsset: {fileID: 0}
  serializedVersion: 6
  m_Component:
  - component: {fileID: 4573237760891772210}
  m_Layer: 0
  m_Name: CATRigHub001Bone001Bone001
  m_TagString: Untagged
  m_Icon: {fileID: 0}
  m_NavMeshLayer: 0
  m_StaticEditorFlags: 0
  m_IsActive: 1
--- !u!4 &4573237760891772210
Transform:
  m_ObjectHideFlags: 0
  m_CorrespondingSourceObject: {fileID: 0}
  m_PrefabInstance: {fileID: 0}
  m_PrefabAsset: {fileID: 0}
  m_GameObject: {fileID: 7469362662853469739}
  m_LocalRotation: {x: -8.344796e-10, y: 0.0000000017758391, z: 1.4819015e-18, w: 1}
  m_LocalPosition: {x: -0.050951615, y: 0, z: 2.842171e-16}
  m_LocalScale: {x: 1, y: 1, z: 1}
  m_Children:
  - {fileID: 9152277149674655901}
  m_Father: {fileID: 3112728368300036188}
  m_RootOrder: 0
  m_LocalEulerAnglesHint: {x: 0, y: 0, z: 0}
--- !u!1 &7563431008570039328
GameObject:
  m_ObjectHideFlags: 0
  m_CorrespondingSourceObject: {fileID: 0}
  m_PrefabInstance: {fileID: 0}
  m_PrefabAsset: {fileID: 0}
  serializedVersion: 6
  m_Component:
  - component: {fileID: 6463194539987797743}
  m_Layer: 0
  m_Name: CATRigSpine2
  m_TagString: Untagged
  m_Icon: {fileID: 0}
  m_NavMeshLayer: 0
  m_StaticEditorFlags: 0
  m_IsActive: 1
--- !u!4 &6463194539987797743
Transform:
  m_ObjectHideFlags: 0
  m_CorrespondingSourceObject: {fileID: 0}
  m_PrefabInstance: {fileID: 0}
  m_PrefabAsset: {fileID: 0}
  m_GameObject: {fileID: 7563431008570039328}
  m_LocalRotation: {x: 2.4868999e-14, y: 1.3672345e-13, z: -3.4001754e-27, w: 1}
  m_LocalPosition: {x: -0.03540367, y: 0, z: 1.4779288e-14}
  m_LocalScale: {x: 1, y: 1, z: 1}
  m_Children:
  - {fileID: 2465057418101032751}
  m_Father: {fileID: 7327709283417269873}
  m_RootOrder: 0
  m_LocalEulerAnglesHint: {x: 0, y: 0, z: 0}
--- !u!1 &7685018607698996305
GameObject:
  m_ObjectHideFlags: 0
  m_CorrespondingSourceObject: {fileID: 0}
  m_PrefabInstance: {fileID: 0}
  m_PrefabAsset: {fileID: 0}
  serializedVersion: 6
  m_Component:
  - component: {fileID: 7210309511313611831}
  m_Layer: 0
  m_Name: CATRigRArmDigit33
  m_TagString: Untagged
  m_Icon: {fileID: 0}
  m_NavMeshLayer: 0
  m_StaticEditorFlags: 0
  m_IsActive: 1
--- !u!4 &7210309511313611831
Transform:
  m_ObjectHideFlags: 0
  m_CorrespondingSourceObject: {fileID: 0}
  m_PrefabInstance: {fileID: 0}
  m_PrefabAsset: {fileID: 0}
  m_GameObject: {fileID: 7685018607698996305}
  m_LocalRotation: {x: -0.00000078803265, y: -0.0000062982936, z: 0.063351795, w: 0.99799126}
  m_LocalPosition: {x: -0.026851386, y: 0, z: -0.0000000035762786}
  m_LocalScale: {x: 1.00001, y: 0.999999, z: 0.99999}
  m_Children: []
  m_Father: {fileID: 8439611725317907291}
  m_RootOrder: 0
  m_LocalEulerAnglesHint: {x: 0, y: 0, z: 0}
--- !u!1 &7856310580863670088
GameObject:
  m_ObjectHideFlags: 0
  m_CorrespondingSourceObject: {fileID: 0}
  m_PrefabInstance: {fileID: 0}
  m_PrefabAsset: {fileID: 0}
  serializedVersion: 6
  m_Component:
  - component: {fileID: 9152277149674655901}
  m_Layer: 0
  m_Name: CATRigHub001Bone001Bone001Bone001
  m_TagString: Untagged
  m_Icon: {fileID: 0}
  m_NavMeshLayer: 0
  m_StaticEditorFlags: 0
  m_IsActive: 1
--- !u!4 &9152277149674655901
Transform:
  m_ObjectHideFlags: 0
  m_CorrespondingSourceObject: {fileID: 0}
  m_PrefabInstance: {fileID: 0}
  m_PrefabAsset: {fileID: 0}
  m_GameObject: {fileID: 7856310580863670088}
  m_LocalRotation: {x: 3.566591e-15, y: -8.881783e-16, z: -0.0000000037252899, w: 1}
  m_LocalPosition: {x: -0.05716324, y: 0, z: -2.842171e-16}
  m_LocalScale: {x: 1, y: 1, z: 1}
  m_Children: []
  m_Father: {fileID: 4573237760891772210}
  m_RootOrder: 0
  m_LocalEulerAnglesHint: {x: 0, y: 0, z: 0}
--- !u!1 &7982883812801565876
GameObject:
  m_ObjectHideFlags: 0
  m_CorrespondingSourceObject: {fileID: 0}
  m_PrefabInstance: {fileID: 0}
  m_PrefabAsset: {fileID: 0}
  serializedVersion: 6
  m_Component:
  - component: {fileID: 8439611725317907291}
  m_Layer: 0
  m_Name: CATRigRArmDigit32
  m_TagString: Untagged
  m_Icon: {fileID: 0}
  m_NavMeshLayer: 0
  m_StaticEditorFlags: 0
  m_IsActive: 1
--- !u!4 &8439611725317907291
Transform:
  m_ObjectHideFlags: 0
  m_CorrespondingSourceObject: {fileID: 0}
  m_PrefabInstance: {fileID: 0}
  m_PrefabAsset: {fileID: 0}
  m_GameObject: {fileID: 7982883812801565876}
  m_LocalRotation: {x: 0.0000011017213, y: 0.000005908774, z: -0.052987188, w: 0.99859524}
  m_LocalPosition: {x: -0.028026046, y: 0.000000076293944, z: -0.0000000017881393}
  m_LocalScale: {x: 1.00001, y: 1, z: 0.99999}
  m_Children:
  - {fileID: 7210309511313611831}
  m_Father: {fileID: 3559254270058819898}
  m_RootOrder: 0
  m_LocalEulerAnglesHint: {x: 0, y: 0, z: 0}
--- !u!1 &8130171017944905034
GameObject:
  m_ObjectHideFlags: 0
  m_CorrespondingSourceObject: {fileID: 0}
  m_PrefabInstance: {fileID: 0}
  m_PrefabAsset: {fileID: 0}
  serializedVersion: 6
  m_Component:
  - component: {fileID: 2669505678140319769}
  m_Layer: 0
  m_Name: CATRigRArm1
  m_TagString: Untagged
  m_Icon: {fileID: 0}
  m_NavMeshLayer: 0
  m_StaticEditorFlags: 0
  m_IsActive: 1
--- !u!4 &2669505678140319769
Transform:
  m_ObjectHideFlags: 0
  m_CorrespondingSourceObject: {fileID: 0}
  m_PrefabInstance: {fileID: 0}
  m_PrefabAsset: {fileID: 0}
  m_GameObject: {fileID: 8130171017944905034}
  m_LocalRotation: {x: -0.004780216, y: 0.11705777, z: -0.018005129, w: 0.9929504}
  m_LocalPosition: {x: -0.08783802, y: -0.0000000047683715, z: -0.000000076293944}
  m_LocalScale: {x: 1, y: 1, z: 1}
  m_Children:
  - {fileID: 1607470491558525083}
  m_Father: {fileID: 2037478036337625941}
  m_RootOrder: 0
  m_LocalEulerAnglesHint: {x: 0, y: 0, z: 0}
--- !u!1 &8784975083930996525
GameObject:
  m_ObjectHideFlags: 0
  m_CorrespondingSourceObject: {fileID: 0}
  m_PrefabInstance: {fileID: 0}
  m_PrefabAsset: {fileID: 0}
  serializedVersion: 6
  m_Component:
  - component: {fileID: 5338086790252869050}
  - component: {fileID: 7792328368927032297}
  - component: {fileID: 4533085579388270061}
  m_Layer: 0
  m_Name: Wool_R_Mesh
  m_TagString: Untagged
  m_Icon: {fileID: 0}
  m_NavMeshLayer: 0
  m_StaticEditorFlags: 0
  m_IsActive: 1
--- !u!4 &5338086790252869050
Transform:
  m_ObjectHideFlags: 0
  m_CorrespondingSourceObject: {fileID: 0}
  m_PrefabInstance: {fileID: 0}
  m_PrefabAsset: {fileID: 0}
  m_GameObject: {fileID: 8784975083930996525}
  m_LocalRotation: {x: 0.28779572, y: 0.0067810155, z: 0.95664185, w: -0.044318415}
  m_LocalPosition: {x: -0.07087786, y: -0.015569732, z: 0.01741661}
  m_LocalScale: {x: 0.999997, y: 1.000004, z: 1}
  m_Children: []
  m_Father: {fileID: 1607470491558525083}
  m_RootOrder: 2
  m_LocalEulerAnglesHint: {x: 0, y: 0, z: 0}
--- !u!33 &7792328368927032297
MeshFilter:
  m_ObjectHideFlags: 0
  m_CorrespondingSourceObject: {fileID: 0}
  m_PrefabInstance: {fileID: 0}
  m_PrefabAsset: {fileID: 0}
  m_GameObject: {fileID: 8784975083930996525}
  m_Mesh: {fileID: 3709473164860250105, guid: f0376bfd0c35a76418dcab313ea0a509, type: 3}
--- !u!23 &4533085579388270061
MeshRenderer:
  m_ObjectHideFlags: 0
  m_CorrespondingSourceObject: {fileID: 0}
  m_PrefabInstance: {fileID: 0}
  m_PrefabAsset: {fileID: 0}
  m_GameObject: {fileID: 8784975083930996525}
  m_Enabled: 1
  m_CastShadows: 1
  m_ReceiveShadows: 1
  m_DynamicOccludee: 1
  m_MotionVectors: 1
  m_LightProbeUsage: 1
  m_ReflectionProbeUsage: 1
  m_RayTracingMode: 2
  m_RenderingLayerMask: 1
  m_RendererPriority: 0
  m_Materials:
  - {fileID: 2100000, guid: bd539bdd99cc8474ab785387da8da7fa, type: 2}
  m_StaticBatchInfo:
    firstSubMesh: 0
    subMeshCount: 0
  m_StaticBatchRoot: {fileID: 0}
  m_ProbeAnchor: {fileID: 0}
  m_LightProbeVolumeOverride: {fileID: 0}
  m_ScaleInLightmap: 1
  m_ReceiveGI: 1
  m_PreserveUVs: 0
  m_IgnoreNormalsForChartDetection: 0
  m_ImportantGI: 0
  m_StitchLightmapSeams: 1
  m_SelectedEditorRenderState: 3
  m_MinimumChartSize: 4
  m_AutoUVMaxDistance: 0.5
  m_AutoUVMaxAngle: 89
  m_LightmapParameters: {fileID: 0}
  m_SortingLayerID: 0
  m_SortingLayer: 0
  m_SortingOrder: 0
--- !u!1 &8809338742625163128
GameObject:
  m_ObjectHideFlags: 0
  m_CorrespondingSourceObject: {fileID: 0}
  m_PrefabInstance: {fileID: 0}
  m_PrefabAsset: {fileID: 0}
  serializedVersion: 6
  m_Component:
  - component: {fileID: 2465057418101032751}
  m_Layer: 0
  m_Name: CATRigHub002
  m_TagString: Untagged
  m_Icon: {fileID: 0}
  m_NavMeshLayer: 0
  m_StaticEditorFlags: 0
  m_IsActive: 1
--- !u!4 &2465057418101032751
Transform:
  m_ObjectHideFlags: 0
  m_CorrespondingSourceObject: {fileID: 0}
  m_PrefabInstance: {fileID: 0}
  m_PrefabAsset: {fileID: 0}
  m_GameObject: {fileID: 8809338742625163128}
  m_LocalRotation: {x: 1.7763579e-14, y: 1.8900436e-14, z: 1.4210855e-14, w: 1}
  m_LocalPosition: {x: -0.042112462, y: -5.9604643e-10, z: 5.4001247e-15}
  m_LocalScale: {x: 1, y: 1, z: 1}
  m_Children:
  - {fileID: 2874577096324282463}
  - {fileID: 2037478036337625941}
  - {fileID: 3370436906331890386}
  m_Father: {fileID: 6463194539987797743}
  m_RootOrder: 0
  m_LocalEulerAnglesHint: {x: 0, y: 0, z: 0}
--- !u!1 &8903655519131745497
GameObject:
  m_ObjectHideFlags: 0
  m_CorrespondingSourceObject: {fileID: 0}
  m_PrefabInstance: {fileID: 0}
  m_PrefabAsset: {fileID: 0}
  serializedVersion: 6
  m_Component:
  - component: {fileID: 8262756100053289423}
  m_Layer: 0
  m_Name: CATRigLArmDigit41
  m_TagString: Untagged
  m_Icon: {fileID: 0}
  m_NavMeshLayer: 0
  m_StaticEditorFlags: 0
  m_IsActive: 1
--- !u!4 &8262756100053289423
Transform:
  m_ObjectHideFlags: 0
  m_CorrespondingSourceObject: {fileID: 0}
  m_PrefabInstance: {fileID: 0}
  m_PrefabAsset: {fileID: 0}
  m_GameObject: {fileID: 8903655519131745497}
  m_LocalRotation: {x: -0.07913722, y: -0.14810286, z: 0.04514451, w: 0.9847664}
  m_LocalPosition: {x: -0.0622163, y: -0.0052332687, z: -0.022198273}
  m_LocalScale: {x: 0.999992, y: 1, z: 1.000007}
  m_Children:
  - {fileID: 3479848486385718791}
  m_Father: {fileID: 7901020745685025827}
  m_RootOrder: 3
  m_LocalEulerAnglesHint: {x: 0, y: 0, z: 0}
--- !u!1 &9180248894506164420
GameObject:
  m_ObjectHideFlags: 0
  m_CorrespondingSourceObject: {fileID: 0}
  m_PrefabInstance: {fileID: 0}
  m_PrefabAsset: {fileID: 0}
  serializedVersion: 6
  m_Component:
  - component: {fileID: 7146231672723060753}
  - component: {fileID: 8440301999955565702}
  - component: {fileID: 4605378659278342301}
  m_Layer: 0
  m_Name: Object049
  m_TagString: Untagged
  m_Icon: {fileID: 0}
  m_NavMeshLayer: 0
  m_StaticEditorFlags: 0
  m_IsActive: 0
--- !u!4 &7146231672723060753
Transform:
  m_ObjectHideFlags: 0
  m_CorrespondingSourceObject: {fileID: 0}
  m_PrefabInstance: {fileID: 0}
  m_PrefabAsset: {fileID: 0}
  m_GameObject: {fileID: 9180248894506164420}
  m_LocalRotation: {x: 0.3690988, y: 0.6031302, z: -0.36909878, w: 0.6031302}
  m_LocalPosition: {x: 0.0066365814, y: -0.0072051235, z: 0.000000076293944}
  m_LocalScale: {x: 1, y: 1, z: 1}
  m_Children: []
  m_Father: {fileID: 7033877227882803972}
  m_RootOrder: 1
  m_LocalEulerAnglesHint: {x: 0, y: 0, z: 0}
--- !u!33 &8440301999955565702
MeshFilter:
  m_ObjectHideFlags: 0
  m_CorrespondingSourceObject: {fileID: 0}
  m_PrefabInstance: {fileID: 0}
  m_PrefabAsset: {fileID: 0}
  m_GameObject: {fileID: 9180248894506164420}
  m_Mesh: {fileID: 3606764674779165107, guid: f0376bfd0c35a76418dcab313ea0a509, type: 3}
--- !u!23 &4605378659278342301
MeshRenderer:
  m_ObjectHideFlags: 0
  m_CorrespondingSourceObject: {fileID: 0}
  m_PrefabInstance: {fileID: 0}
  m_PrefabAsset: {fileID: 0}
  m_GameObject: {fileID: 9180248894506164420}
  m_Enabled: 1
  m_CastShadows: 1
  m_ReceiveShadows: 1
  m_DynamicOccludee: 1
  m_MotionVectors: 1
  m_LightProbeUsage: 1
  m_ReflectionProbeUsage: 1
  m_RayTracingMode: 2
  m_RenderingLayerMask: 1
  m_RendererPriority: 0
  m_Materials:
  - {fileID: 2100000, guid: bd539bdd99cc8474ab785387da8da7fa, type: 2}
  m_StaticBatchInfo:
    firstSubMesh: 0
    subMeshCount: 0
  m_StaticBatchRoot: {fileID: 0}
  m_ProbeAnchor: {fileID: 0}
  m_LightProbeVolumeOverride: {fileID: 0}
  m_ScaleInLightmap: 1
  m_ReceiveGI: 1
  m_PreserveUVs: 0
  m_IgnoreNormalsForChartDetection: 0
  m_ImportantGI: 0
  m_StitchLightmapSeams: 1
  m_SelectedEditorRenderState: 3
  m_MinimumChartSize: 4
  m_AutoUVMaxDistance: 0.5
  m_AutoUVMaxAngle: 89
  m_LightmapParameters: {fileID: 0}
  m_SortingLayerID: 0
  m_SortingLayer: 0
  m_SortingOrder: 0
